timestamp,tid,bool_type,satoshi,price,volume,var_mean,bool_volume
1665198604,14292479,False,1200000,102335.808,1228.02969276012,0.00901,2
1665199029,14292480,True,3986834,102335.82,4079.9592659388004,0.00901,2
1665199096,14292481,True,977,102335.82,0.9998209614,0.00901,0
1665199129,14292482,True,977,102335.82,0.9998209614,0.00901,0
1665199153,14292483,True,977,102335.82,0.9998209614,0.00901,0
1665199158,14292484,False,364000,102335.808,372.5023398042856,0.00901,2
1665199158,14292485,False,936000,102296.835,957.4983764424936,0.00862,2
1665199177,14292486,False,488770,102296.835,499.9962408694419,0.00862,2
1665199198,14292487,True,4162,102335.82,4.2592168284000005,0.00901,0
1665199200,14292488,True,977,102335.82,0.9998209614,0.00901,0
1665199209,14292489,False,5450807,102296.835,5576.003050044499,0.00862,2
1665199233,14292490,True,977,102319.83,0.9996647391,0.00885,0
1665199260,14292491,True,977,102319.83,0.9996647391,0.00885,0
1665199299,14292492,True,977,102319.83,0.9996647390999023,0.00885,0
1665199313,14292493,True,457593,102319.83,468.20940289015425,0.00885,2
1665199495,14292494,False,15100,102296.835,15.44682208616572,0.00862,0
1665199596,14292495,False,653900,102296.835,668.919004115481,0.00862,2
1665199596,14292496,False,1116000,102296.781,1141.6320808322328,0.00862,2
1665199596,14292497,False,699000,102295.356,715.0445382891558,0.00861,2
1665199596,14292498,False,1141000,102295.335,1167.1897725302779,0.00861,2
1665199783,14292499,True,97756,102295.158,99.99965465447998,0.0086,0
1665200019,14292500,False,5315,102295.158,5.436987647600078,0.0086,0
1665200072,14292501,True,279583,102295.158,285.99987159114,0.0086,2
1665200144,14292502,True,1099322,102335.74,1124.99930368269,0.009,2
1665200212,14292503,True,2375138,102345.32,2430.8425865416,0.0091,2
1665200405,14292504,False,334820,102295.158,342.5046480093389,0.0086,2
1665200585,14292505,True,976,102357.0,0.9990043199999024,0.00921,0
1665200897,14292506,True,68386,102359.88,69.9998275368,0.00924,0
1665201129,14292507,True,19538,102359.88,19.9990733544,0.00924,0
1665201257,14292508,True,16000,102295.17,16.367227200000002,0.0086,0
1665201671,14292509,False,1172685,102295.158,1199.5999735702537,0.0086,2
1665201671,14292510,False,978,102295.158,1.000446644262,0.0086,0
1665201671,14292511,False,4444,102295.158,4.545996817076,0.0086,0
1665201671,14292512,False,161893,102295.118,165.608636034647,0.0086,2
1665201740,14292513,True,190996,102295.17,195.3796828932,0.0086,2
1665202100,14292514,True,109975,102295.13,112.49906921750001,0.0086,2
1665202335,14292515,True,977,102295.129,0.9994234059717984,0.0086,0
1665202629,14292516,True,97756,102295.128,99.99962506229201,0.0086,0
1665202665,14292517,False,170159,102295.118,174.06435052176127,0.0086,2
1665202667,14292518,True,33000,102295.128,33.757392150411604,0.0086,0
1665202777,14292519,True,9775,102295.13,9.9993489575,0.0086,0
1665202893,14292520,True,20000000,102295.128,20459.025530622002,0.0086,1
1665202954,14292521,True,15992,102295.128,16.35903681428535,0.0086,0
1665202965,14292522,True,4887,102295.128,4.9991628884074855,0.0086,0
1665203223,14292523,True,3499,102295.13,3.5793065987000006,0.0086,0
1665203598,14292524,False,374948,102295.118,383.55350054615593,0.0086,2
1665203630,14292525,False,821000,102294.858,839.840780353319,0.0086,2
1665203664,14292526,True,977564,102295.06,999.999675981104,0.0086,2
1665203712,14292527,False,857000,102294.802,876.6664569846733,0.0086,2
1665203775,14292528,False,364000,102294.764,372.3529407056732,0.0086,2
1665203820,14292529,False,1467000,102293.752,1500.6493384166088,0.00859,2
1665203820,14292530,False,812000,102293.65,830.6244339767024,0.00859,2
1665203820,14292531,False,1467000,102293.384,1500.643939703454,0.00859,2
1665204008,14292532,False,1966154,102200.0,2009.4093880000003,0.00767,2
1665204558,14292533,False,1499000,102116.116,1530.720584243895,0.00684,2
1665204696,14292534,False,1563000,102115.986,1596.0728600299449,0.00684,2
1665204696,14292535,False,282000,102115.01,287.9643282,0.00683,2
1665205001,14292536,False,1298,102000.0,1.32396,0.00569,0
1665205029,14292537,False,96741,102000.0,98.67582,0.00569,0
1665205029,14292538,False,334852,102000.0,341.54904,0.00569,2
1665205029,14292539,False,140000,102000.0,142.8,0.00569,2
1665205029,14292540,False,16715,102000.0,17.0493,0.00569,0
1665205029,14292541,False,40000,102000.0,40.800000000000004,0.00569,0
1665205029,14292542,False,1448480,102000.0,1477.4496000000001,0.00569,2
1665205029,14292543,False,131519,102000.0,134.14937999999998,0.00569,2
1665205029,14292544,False,2100000,102000.0,2142.0,0.00569,2
1665205029,14292545,False,980,102000.0,1.0006199999999998,0.00569,0
1665205029,14292546,False,4609272,101900.0,4696.848168461388,0.00471,2
1665205098,14292547,True,1295,101900.01,1.3196051295,0.00471,0
1665205170,14292548,True,2885,101900.01,2.9398152884999997,0.00471,0
1665205690,14292549,True,490677,101900.01,499.9999120677,0.00471,2
1665205800,14292550,False,1456213,101900.0,1483.8810477281065,0.00471,2
1665206153,14292551,True,15000028,101962.0,15294.328549360001,0.00532,2
1665206277,14292552,True,19606,102006.0,19.99929636,0.00575,0
1665206399,14292553,True,1400000,102011.94,1428.16715595414,0.00581,2
1665206399,14292554,True,28,102022.0,0.028566160000000004,0.00591,0
1665206407,14292555,True,1500000,102022.0,1530.32999999985,0.00591,2
1665206407,14292556,True,700,102023.0,0.7141609999999999,0.00592,0
1665206621,14292557,True,176432,102022.0,179.99945503998237,0.00591,2
1665207343,14292558,True,1107421,102022.0,1129.8130526198893,0.00591,2
1665207412,14292559,True,400000,102022.0,408.088,0.00591,2
1665207412,14292560,True,1314665,102031.0,1341.36584615,0.006,2
1665207588,14292561,True,240208,102099.0,245.24996591997598,0.00667,2
1665207711,14292562,True,15033714,102099.0,15349.27165686,0.00667,2
1665207734,14292563,True,97890,102155.0,99.9995295,0.00722,0
1665207973,14292564,True,1140937,102134.29,1165.2879078077349,0.00702,2
1665207992,14292565,True,816661,102140.961,834.1453902547125,0.00708,2
1665208144,14292566,True,1351,102141.153,1.379926975218444,0.00709,0
1665208732,14292567,True,4890,102229.0,4.998998099999511,0.00795,0
1665208784,14292568,True,4401882,102229.0,4499.99994978,0.00795,2
1665209384,14292569,True,4890,102231.0,4.9990959,0.00797,0
1665210018,14292570,False,393055,101938.12,400.67389576807125,0.00508,2
1665210272,14292571,False,1140648,101938.442,1162.758804466752,0.00509,2
1665210572,14292572,True,14435,102176.0,14.749105600000002,0.00743,0
1665211833,14292573,True,4894,102162.946,4.9998545801764,0.0073,0
1665212824,14292574,True,391082,102280.234,399.99958430168977,0.00846,2
1665213230,14292575,True,250000,102274.248,255.68561936887502,0.0084,2
1665213476,14292576,True,489052,102238.29,499.99942439369994,0.00804,2
1665213655,14292577,True,4566,102273.57,4.6698112062,0.00839,0
1665214027,14292578,True,97769,102281.0,99.99911089,0.00847,0
1665215686,14292579,True,2601,102234.62,2.6591224662,0.00801,0
1665215713,14292580,False,15970,102087.262,16.303335679118597,0.00655,0
1665215790,14292581,True,20707,102234.62,21.1697227634,0.00801,0
1665215957,14292582,True,978,102249.2,0.9999971759999999,0.00815,0
1665216546,14292583,True,20000,102281.26,20.45625198,0.00847,0
1665216644,14292584,False,1988966,102087.282,2030.4813265197665,0.00656,2
1665216996,14292585,True,9781,102232.844,9.99939448498813,0.00799,0
1665218112,14292586,True,972131,102146.63,992.9990603395717,0.00714,2
1665218114,14292587,True,1204,102146.63,1.229845430964391,0.00714,0
1665218181,14292588,True,9790,102142.052,9.999706920479364,0.0071,0
1665218245,14292589,True,66103,102143.093,67.51964883942213,0.00711,0
1665218453,14292590,True,2730,102174.622,2.789367184145724,0.00742,0
1665218749,14292591,True,12706,102147.658,12.97990289416387,0.00715,0
1665219186,14292592,True,978496,102197.652,999.9999391238533,0.00764,2
1665219218,14292593,False,49702,102087.1,50.739330442,0.00655,0
1665219218,14292594,False,323408,102076.478,330.12349474888964,0.00645,2
1665219890,14292595,True,974025,102032.327,993.8203724705169,0.00601,2
1665219903,14292596,True,979,102035.067,0.9999436534449879,0.00604,0
1665220235,14292597,True,489658,102112.056,499.99985301894657,0.0068,2
1665220329,14292598,True,489641,102115.513,499.999417729045,0.00683,2
1665220395,14292599,True,584426,102112.215,596.7703325533093,0.0068,2
1665220622,14292600,False,6860,102076.332,7.0024363546199995,0.00645,0
1665220644,14292601,True,97930,102112.839,99.99910304878746,0.00681,0
1665220696,14292602,True,651277,102111.652,665.029702197611,0.0068,2
1665220744,14292603,True,97932,102111.25,99.99958892763888,0.00679,0
1665220913,14292604,True,979,102112.01,0.9996765785422239,0.0068,0
1665220937,14292605,True,48963,102116.617,49.99935914337197,0.00684,0
1665221490,14292606,True,293815,102104.89,299.9994830156122,0.00673,2
1665221919,14292607,False,8340,102001.802,8.506950266784834,0.00571,0
1665221936,14292608,False,2780,102001.822,2.835650648820278,0.00571,0
1665221948,14292609,True,176278,102111.315,179.99978452723107,0.00679,2
1665222615,14292610,True,1370323,102165.626,1399.9990760795179,0.00733,2
1665222636,14292611,True,146805,102176.198,149.9997671102787,0.00743,2
1665222847,14292612,True,244665,102179.791,249.99920650017495,0.00747,2
1665222999,14292613,True,4893,102176.278,4.999485291812235,0.00743,0
1665223054,14292614,False,973,102024.969,0.992702945451,0.00594,0
1665223104,14292615,False,58410,102034.466,59.598331713266845,0.00603,0
1665223225,14292616,True,97868,102177.689,99.99926115615081,0.00745,0
1665223303,14292617,False,35440,102051.579,36.16707951752332,0.0062,0
1665223633,14292618,False,48278,102097.716,49.290735233924,0.00666,0
1665223690,14292619,True,950778,102176.422,971.470941576566,0.00743,2
1665223830,14292620,True,9786,102177.36,9.999076492174973,0.00744,0
1665224782,14292621,True,44717,102263.629,45.72922706402479,0.00829,0
1665224946,14292622,True,97787,102262.652,99.99957927124137,0.00828,0
1665224987,14292623,True,8057,102262.272,8.239271215248893,0.00828,0
1665225165,14292624,False,110610,102106.236,112.93970780552606,0.00674,2
1665225282,14292625,True,195592,102253.15,199.99898056406008,0.00819,2
1665225424,14292626,True,19571,102240.602,20.00950812013843,0.00807,0
1665225578,14292627,False,19435,102106.67,19.844431394185445,0.00675,0
1665225586,14292628,True,9781,102236.056,9.999708629685827,0.00802,0
1665225633,14292629,True,47812,102231.915,48.87912302099747,0.00798,0
1665225682,14292630,True,2592,102233.45,2.649891030343402,0.008,0
1665225831,14292631,True,1467,102203.623,1.4993271564405977,0.0077,0
1665225832,14292632,True,205472,102203.623,209.99982923528455,0.0077,2
1665225931,14292633,True,2935,102198.166,2.999516170313759,0.00765,0
1665226006,14292634,True,19557,102261.866,19.99935320752786,0.00828,0
1665226118,14292635,True,6414,102261.759,6.559069230492369,0.00828,0
1665226188,14292636,True,97783,102266.627,99.99937567981534,0.00832,0
1665226246,14292637,True,977882,102261.823,999.9999630801407,0.00828,2
1665226392,14292638,False,335410,102113.787,342.4998541506685,0.00682,2
1665226519,14292639,True,48898,102252.267,49.999313701746296,0.00818,0
1665226625,14292640,False,11740,102114.01,11.988184727041174,0.00682,0
1665226662,14292641,True,4890,102241.713,4.999619771929371,0.00808,0
1665226694,14292642,True,26955,102241.204,27.55911645517321,0.00807,0
1665226946,14292643,True,97795,102254.549,99.9998359952438,0.0082,0
1665227301,14292644,False,94647,102057.886,96.59472736242947,0.00627,0
1665227350,14292645,False,463001,102057.926,472.5292198113103,0.00627,2
1665227504,14292646,True,97872,102174.098,99.9998330137317,0.00741,0
1665227583,14292647,True,289507,102173.669,295.7999233820322,0.00741,2
1665227737,14292648,True,438597,102177.866,448.1490557065999,0.00745,2
1665227929,14292649,True,977403,102177.169,998.6827156355749,0.00744,2
1665227934,14292650,False,11640,102098.629,11.884280386501164,0.00667,0
1665227958,14292651,True,592000,102173.956,604.8698221296544,0.00741,2
1665227958,14292652,True,1421000,102174.261,1451.8962506156647,0.00741,2
1665227958,14292653,True,2083000,102174.576,2128.2964089831225,0.00742,2
1665227958,14292654,True,592000,102175.202,604.8771958294033,0.00742,2
1665227958,14292655,True,1516000,102175.436,1548.9796097183098,0.00742,2
1665227958,14292656,True,2127000,102175.853,2173.280389227011,0.00743,2
1665227958,14292657,True,777046,102176.606,793.959229800093,0.00744,2
1665228149,14292658,True,1799227,102190.0,1838.6300713,0.00757,2
1665228291,14292659,True,7407769,102190.0,7569.9991411,0.00757,2
1665228321,14292660,True,1804516,102190.0,1844.0349004000002,0.00757,2
1665228491,14292661,True,553000,102240.515,565.3900458464985,0.00807,2
1665228491,14292662,True,1251516,102241.714,1279.5714076905635,0.00808,2
1665228594,14292663,True,8166,102241.714,8.349058354188953,0.00808,0
1665228661,14292664,True,1280318,102241.714,1309.0190661178658,0.00808,2
1665228661,14292665,True,524198,102241.714,535.9490192443753,0.00808,2
1665228914,14292666,True,48903,102241.714,49.99926533124446,0.00808,0
1665228998,14292667,True,97807,102241.714,99.99955307962756,0.00808,0
1665229121,14292668,False,565660,102176.63,577.9723252582263,0.00744,2
1665229144,14292669,True,98000,102241.714,100.19687958738639,0.00808,2
1665229210,14292670,True,97807,102241.714,99.99955307962756,0.00808,0
1665229273,14292671,True,434584,102241.714,444.32612978168095,0.00808,2
1665229344,14292672,True,1000,102241.714,1.0224171386468002,0.00808,0
1665229425,14292673,False,1000,102199.99,1.0219999000000002,0.00767,0
1665229425,14292674,False,135130,102183.263,138.08024357949716,0.0075,2
1665229450,14292675,False,194860,102183.263,199.11430669654,0.0075,2
1665229458,14292676,True,98000,102241.714,100.19687958738639,0.00808,2
1665229497,14292677,True,22006,102241.714,22.49931155306148,0.00808,0
1665229612,14292678,True,3491,102241.714,3.5692582310159793,0.00808,0
1665229655,14292679,True,1000,102241.714,1.0224171386468002,0.00808,0
1665229850,14292680,True,1358000,102327.481,1389.6071926774687,0.00892,2
1665229850,14292681,True,108534,102328.207,111.06191992696547,0.00893,2
1665229953,14292682,True,97795,102325.921,100.0696344984364,0.00891,2
1665229963,14292683,True,97726,102325.921,99.99902961290654,0.00891,0
1665230361,14292684,False,35690,102225.903,36.484424762858566,0.00792,0
1665230362,14292685,True,281154,102325.92,287.6934171168,0.00891,2
1665230362,14292686,True,1613479,102325.921,1651.0072478235354,0.00891,2
1665230362,14292687,True,456465,102328.207,467.09245201513147,0.00893,2
1665230362,14292688,True,1108000,102328.702,1133.8020207510579,0.00894,2
1665230362,14292689,True,1275000,102329.017,1304.6949625432649,0.00894,2
1665230362,14292690,True,1344000,102329.156,1375.3038513579456,0.00894,2
1665230362,14292691,True,1051000,102329.314,1075.4810906007585,0.00894,2
1665230362,14292692,True,560000,102329.772,573.046724834976,0.00895,2
1665230362,14292693,True,1885999,102329.784,1929.9397352816723,0.00895,2
1665230362,14292694,True,1131000,102330.384,1157.3566441930545,0.00895,2
1665230362,14292695,True,1039000,102330.889,1063.2179332021283,0.00896,2
1665230362,14292696,True,1751000,102331.035,1791.816421305268,0.00896,2
1665230362,14292697,True,18010000,102373.0,18437.3773,0.00937,2
1665230362,14292698,True,2425000,102395.715,2483.096086690932,0.0096,2
1665230362,14292699,True,2252000,102396.722,2305.974170397319,0.00961,2
1665230362,14292700,True,3277422,102455.83,3357.9099127026,0.0102,2
1665230364,14292701,False,390410,102228.315,399.10956461562733,0.00795,2
1665230388,14292702,False,248670,102232.432,254.221389723681,0.00799,2
1665230509,14292703,False,282296,102232.564,288.5984380790394,0.00799,2
1665230529,14292704,True,1000,102400.0,1.024,0.00964,0
1665230529,14292705,True,18529,102409.0,18.9753636081471,0.00973,0
1665230531,14292706,True,229967,102409.0,235.5069050070033,0.00973,2
1665230531,14292707,True,259247,102409.0,265.49226023,0.00973,2
1665230649,14292708,True,4883193,102392.0,4999.99897656,0.00956,2
1665230658,14292709,False,24659,102238.011,25.211893436156465,0.00804,0
1665230842,14292710,True,4349013,102409.0,4453.78072317,0.00973,2
1665230982,14292711,True,61000,102393.0,62.45973,0.00957,0
1665231218,14292712,True,34190,102366.44,34.999085818898166,0.00931,0
1665231333,14292713,True,978014,102247.97,999.9994601421832,0.00814,2
1665231373,14292714,True,244503,102247.97,249.9993537956964,0.00814,2
1665231419,14292715,False,102699,102230.0,104.99020999999999,0.00796,2
1665231483,14292716,True,97801,102247.97,99.99953702233881,0.00814,0
1665231499,14292717,False,14510,102230.0,14.83357300000145,0.00796,0
1665231535,14292718,False,19470,102230.0,19.904181000001945,0.00796,0
1665231548,14292719,True,1955,102273.45,1.9994459475,0.00839,0
1665231552,14292720,True,2933,102273.45,2.9996802867402,0.00839,0
1665231567,14292721,True,15653,102273.448,16.00988561474008,0.00839,0
1665231658,14292722,True,488776,102273.434,499.8890235286117,0.00839,2
1665231825,14292723,True,1000,102302.0,1.02302,0.00867,0
1665231921,14292724,False,787610,102230.0,805.1737030000788,0.00796,2
1665232045,14292725,True,1955,102289.285,1.9997555312327275,0.00855,0
1665232154,14292726,True,25000000,102289.29,25572.3225,0.00855,1
1665232154,14292727,True,33479207,102327.983,34258.59736877324,0.00893,1
1665232195,14292728,True,904646,102286.25,925.3294920374999,0.00852,2
1665232198,14292729,True,29325,102327.96,30.00767429823411,0.00893,0
1665232282,14292730,True,24431,102328.0,24.9997536653414,0.00893,0
1665232421,14292731,True,19740443,102327.994,20199.999320539577,0.00893,1
1665232487,14292732,True,9774708,102324.428,10001.914024214946,0.00889,2
1665232622,14292733,True,146634,102295.26,149.999630961864,0.00861,2
1665232762,14292734,True,7537,102295.25,7.7099929925,0.00861,0
1665232927,14292735,True,30840,102299.03,31.549020852,0.00864,0
1665232937,14292736,True,52248,102299.03,53.4491971944,0.00864,0
1665233069,14292737,True,5044,102299.03,5.1599630732,0.00864,0
1665233109,14292738,True,7329,102328.0,7.49961912,0.00893,0
1665233303,14292739,False,359350,102250.0,367.4353750000359,0.00816,2
1665233317,14292740,False,8579,102250.0,8.772027500000858,0.00816,0
1665233398,14292741,False,36322,102250.0,37.139244999999995,0.00816,0
1665233463,14292742,False,29199,102250.0,29.85597750000292,0.00816,0
1665233466,14292743,False,7634,102250.0,7.805765000000764,0.00816,0
1665233502,14292744,True,2208,102324.65,2.2593282706752,0.0089,0
1665233537,14292745,False,5009,102250.0,5.121702500000501,0.00816,0
1665233668,14292746,True,16897,102324.65,17.2897961003618,0.0089,0
1665233738,14292747,False,1790000,102260.0,1830.454000000179,0.00826,2
1665233738,14292748,False,61470,102260.0,62.859222,0.00826,0
1665233738,14292749,False,773815,102230.0,791.0710745,0.00796,2
1665233756,14292750,True,244320,102324.65,249.999584733408,0.0089,2
1665233786,14292751,True,97638,102324.65,99.90774176699999,0.0089,0
1665233786,14292752,True,586308,102350.943,600.0917676941899,0.00915,2
1665233811,14292753,False,37880,102230.0,38.72472400000379,0.00796,0
1665234039,14292754,True,97708,102345.23,99.99947732839023,0.0091,0
1665234120,14292755,False,24879,102230.0,25.434824000002486,0.00796,0
1665234219,14292756,True,2931258,102345.108,2999.999158921818,0.0091,2
1665234246,14292757,True,126659,102345.081,129.62925649730792,0.0091,2
1665234319,14292758,True,97757,102293.609,99.99916297864364,0.00859,0
1665234447,14292759,True,27455,102293.537,28.085713444588798,0.00859,0
1665234452,14292760,True,977578,102293.537,999.9991104943995,0.00859,2
1665234462,14292761,True,977578,102293.537,999.9991104943995,0.00859,2
1665234556,14292762,False,83170,102230.0,85.02469100000832,0.00796,0
1665234697,14292763,True,4890,102238.54,4.999464603066,0.00805,0
1665234742,14292764,True,366810,102232.64,374.99954612370533,0.00799,2
1665234789,14292765,True,24424,102232.64,24.969299920328,0.00799,0
1665234825,14292766,False,1000,102230.01,1.0223001,0.00796,0
1665234825,14292767,False,4121310,102230.0,4213.216235299999,0.00796,2
1665234881,14292768,True,2934483,102232.628,2999.999095862551,0.00799,2
1665234883,14292769,False,2174,102230.0,2.2224801999999997,0.00796,0
1665234883,14292770,False,1000,102230.0,1.0223,0.00796,0
1665234883,14292771,False,1000,102229.99,1.0222999000000002,0.00796,0
1665234883,14292772,False,12693,102225.752,12.975514645645346,0.00792,0
1665235027,14292773,False,950307,102225.752,971.4584728873625,0.00792,2
1665235027,14292774,False,810999,102220.01,829.0042821734395,0.00786,2
1665235027,14292775,False,942000,102216.395,962.8784432849556,0.00783,2
1665235027,14292776,False,1665000,102216.039,1701.8970474722132,0.00782,2
1665235027,14292777,False,437556,102212.568,447.23824792387677,0.00779,2
1665235081,14292778,True,28082,102232.626,28.7099883623883,0.00799,0
1665235132,14292779,False,31789,102212.568,32.49337549507845,0.00779,0
1665235188,14292780,True,202498,102232.624,207.0190193120164,0.00799,2
1665235218,14292781,False,723987,102212.568,740.0057075985425,0.00779,2
1665235295,14292782,False,20000,102212.568,20.442513680454002,0.00779,0
1665235394,14292783,True,122270,102232.621,124.999826087964,0.00799,2
1665235514,14292784,True,3864,102212.579,3.9494940452184006,0.00779,0
1665235811,14292785,True,136952,102225.299,139.9995914316992,0.00792,2
1665235907,14292786,True,3522,102212.58,3.5999270633736,0.00779,0
1665235948,14292787,False,867653,102212.568,886.850416119261,0.00779,2
1665235948,14292788,False,1351000,102211.078,1380.8716600925804,0.00778,2
1665236005,14292789,False,11701,102210.0,11.9595921,0.00777,0
1665236039,14292790,True,547402,102209.98,559.4994734058351,0.00776,2
1665236191,14292791,True,48923,102200.019,49.9993153785391,0.00767,0
1665236239,14292792,False,1000,102200.01,1.0220001,0.00767,0
1665236239,14292793,False,776,102200.0,0.793072,0.00767,0
1665236340,14292794,True,9726,102200.018,9.9399737244198,0.00767,0
1665236377,14292795,True,24491,102200.01,25.0298044025671,0.00767,0
1665236491,14292796,True,90000,102200.009,91.980008361,0.00767,0
1665236546,14292797,True,97847,102200.009,99.9996429627852,0.00767,0
1665236630,14292798,True,107632,102200.009,109.9999138590912,0.00767,2
1665236664,14292799,True,9784,102200.009,9.999248889365601,0.00767,0
1665236704,14292800,True,4892,102200.008,4.9996244123956,0.00767,0
1665236757,14292801,True,4892367,102200.007,4999.999438970578,0.00767,2
1665236851,14292802,False,10936,102200.0,11.176592,0.00767,0
1665236851,14292803,False,1000,102200.0,1.022,0.00767,0
1665236851,14292804,False,88064,102200.0,90.001408,0.00767,0
1665236864,14292805,True,10724,102200.006,10.9599286831188,0.00767,0
1665236981,14292806,True,9784,102200.006,9.9992485586664,0.00767,0
1665237093,14292807,True,978,102200.004,0.9995160437166,0.00767,0
1665237245,14292808,True,29138,102200.003,29.7790369644678,0.00767,0
1665237262,14292809,True,244618,102200.003,249.99960409685582,0.00767,2
1665237332,14292810,False,241680,102200.0,246.99696000000003,0.00767,2
1665237335,14292811,True,978,102200.003,0.9995160253302,0.00767,0
1665237499,14292812,True,114902,102200.002,117.42984607972619,0.00767,2
1665237591,14292813,True,1350,102200.01,1.3797001349999998,0.00767,0
1665237612,14292814,True,978,102200.002,0.9995160157458001,0.00767,0
1665237673,14292815,True,48923,102200.002,49.9993067876603,0.00767,0
1665237707,14292816,True,63139,102200.002,64.529081016554,0.00767,0
1665237765,14292817,True,978473,102200.002,999.9994217534154,0.00767,2
1665237773,14292818,True,15657,102200.002,16.0014542426835,0.00767,0
1665237828,14292819,False,206688,102200.0,211.235136,0.00767,2
1665237855,14292820,True,34941,102200.001,35.7097024262802,0.00767,0
1665237939,14292821,True,1956,102200.001,1.9990320201468,0.00767,0
1665238120,14292822,True,19569,102200.0,19.9995180606639,0.00767,0
1665238148,14292823,False,685776,102200.0,700.863072,0.00767,2
1665238196,14292824,True,3219,102200.01,3.2898183115992,0.00767,0
1665238222,14292825,True,19569,102200.01,19.9995198668826,0.00767,0
1665238284,14292826,True,97847,102200.009,99.9996432074027,0.00767,0
1665238298,14292827,False,2910,102200.0,2.97402,0.00767,0
1665238329,14292828,True,2886,102200.009,2.9494922681094002,0.00767,0
1665238439,14292829,False,3874882,102200.0,3960.1294040000002,0.00767,2
1665238439,14292830,False,10000,102200.0,10.22,0.00767,0
1665238439,14292831,False,1500000,102200.0,1533.0,0.00767,2
1665238439,14292832,False,1000,102199.99,1.0219999000000002,0.00767,0
1665238458,14292833,False,8868,102069.33,9.051508184400886,0.00638,0
1665238497,14292834,False,483649,102069.33,493.6572938517483,0.00638,2
1665238561,14292835,False,24490,102069.33,24.996778917002448,0.00638,0
1665238589,14292836,False,97971,102069.33,99.99936398759999,0.00638,0
1665238714,14292837,True,9797,102069.338,9.9997330683525,0.00638,0
1665238872,14292838,False,204271,102069.33,208.4980410843,0.00638,2
1665238877,14292839,True,612328,102069.336,624.999125885228,0.00638,2
1665238890,14292840,True,97913,102131.0,99.99952602999021,0.00699,0
1665238935,14292841,True,4898,102069.336,4.99935606601411,0.00638,0
1665239116,14292842,True,88087,102069.333,89.9098135623101,0.00638,0
1665239170,14292843,False,59999,102069.33,61.241597999999996,0.00638,0
1665239189,14292844,False,3002,102069.33,3.0641212866000003,0.00638,0
1665239212,14292845,True,2029999,102069.332,2072.007441020797,0.00638,2
1665239212,14292846,True,4828083,102069.332,4927.992069885218,0.00638,2
1665239264,14292847,True,195945,102069.34,199.99976785151551,0.00638,2
1665239307,14292848,True,489863,102069.34,499.9999299754877,0.00638,2
1665239376,14292849,False,634755,102069.33,647.8901756415,0.00638,2
1665239400,14292850,False,8483,102063.77,8.6580696091,0.00632,0
1665239437,14292851,False,50000,102009.36,51.00468,0.00579,0
1665239437,14292852,False,9813,102000.0,10.00926,0.00569,0
1665239437,14292853,False,2000,102000.0,2.04,0.00569,0
1665239437,14292854,False,2000000,101990.0,2039.8,0.0056,2
1665239543,14292855,True,9809,101938.45,9.999142560500001,0.00509,0
1665239581,14292856,True,1177,101938.45,1.1998155565000002,0.00509,0
1665239644,14292857,True,490492,101938.45,499.999942174,0.00509,2
1665239644,14292858,True,107908,101938.45,109.999742626,0.00509,2
1665239760,14292859,True,2256263,101938.45,2299.9995301235,0.00509,2
1665239823,14292860,True,3275,101955.84,3.33905376,0.00526,0
1665239847,14292861,True,1961633,101955.84,1999.9994028672002,0.00526,2
1665240001,14292862,True,512208,101957.0,522.2319105600001,0.00527,2
1665240001,14292863,True,4413619,102019.86,4502.7679247334,0.00589,2
1665240001,14292864,True,1176,102019.86,1.1997535536,0.00589,0
1665240062,14292865,True,8628,101984.06,8.7991846968,0.00554,0
1665240064,14292866,True,24991372,101984.06,25487.2158153032,0.00554,1
1665240064,14292867,True,1969999,102116.0,2011.6851936958028,0.00684,2
1665240064,14292868,True,2449272,102116.0,2501.0985876823293,0.00684,2
1665240068,14292869,True,49030,101977.0,49.999323100000005,0.00547,0
1665240119,14292870,True,58836,101977.0,59.99918772,0.00547,0
1665240218,14292871,False,16180,101940.01,16.493893618001618,0.0051,0
1665240283,14292872,True,14703,102014.18,14.9991448854,0.00583,0
1665240432,14292873,True,78383,102061.94,79.9992104223617,0.00631,0
1665240783,14292874,False,66560,101940.607,67.8516678528,0.00511,0
1665240803,14292875,True,116000,102032.19,118.3573404,0.00601,2
1665240854,14292876,True,101887,101955.31,103.8792066997,0.00525,2
1665240941,14292877,True,6669588,101955.31,6799.9991211228,0.00525,2
1665240950,14292878,False,236740,101940.627,241.33424024145367,0.00511,2
1665241009,14292879,True,490395,101958.55,499.9996312725,0.00529,2
1665241024,14292880,True,3923162,101958.55,3999.9990893510003,0.00529,2
1665241079,14292881,True,98024,102015.83,99.99999719920001,0.00585,0
1665241157,14292882,True,908084,102015.83,926.3894296972,0.00585,2
1665241319,14292883,True,73501,102038.3,74.999170883,0.00607,0
1665241386,14292884,True,8087,102008.44,8.2494225428,0.00578,0
1665241497,14292885,True,1176373,102008.44,1199.9997458812,0.00578,2
1665241548,14292886,True,4127,101996.76,4.2094062852,0.00566,0
1665241916,14292887,False,1629999,101941.914,1661.653206024163,0.00512,2
1665241916,14292888,False,14228890,101941.914,14505.202875253273,0.00512,2
1665242054,14292889,False,2272290,101941.914,2316.415928537592,0.00512,2
1665242209,14292890,True,9809,101941.92,9.9994829328,0.00512,0
1665242211,14292891,True,49047,101941.92,49.9994535024,0.00512,0
1665242226,14292892,True,109414,101941.92,111.53975176799999,0.00512,2
1665242235,14292893,True,13000000,101941.92,13252.4496,0.00512,2
1665242248,14292894,True,97909,102135.355,99.99970458007671,0.00703,0
1665242263,14292895,True,219999,101941.68,224.27067658320001,0.00512,2
1665242315,14292896,True,768674,101941.68,783.5991893232,0.00512,2
1665242444,14292897,True,24522,101941.68,24.999158186399995,0.00512,0
1665242488,14292898,True,9792,102121.999,9.999786156767021,0.0069,0
1665242530,14292899,False,281415,101941.67,286.8791506305,0.00512,2
1665242530,14292900,False,317455,101941.62,323.61876977099996,0.00512,2
1665242653,14292901,True,297444,101941.68,303.2194106592,0.00512,2
1665242774,14292902,True,51696,101941.63,52.699745044800004,0.00512,0
1665242987,14292903,True,78476,101941.63,79.99971355880001,0.00512,0
1665243025,14292904,True,492409,101941.63,501.9697608667,0.00512,2
1665243130,14292905,False,9752,101941.62,9.9413467824,0.00512,0
1665243185,14292906,False,7776,101941.62,7.9269803712,0.00512,0
1665243196,14292907,True,9381,102119.75,9.5798537174808,0.00688,0
1665243203,14292908,False,979,101941.62,0.9990278759999999,0.00512,0
1665243259,14292909,True,9682,101941.63,9.8699886166,0.00512,0
1665243290,14292910,True,1030138,101941.63,1050.1394684494,0.00512,2
1665243353,14292911,True,979,101941.63,0.999027974,0.00512,0
1665243440,14292912,True,1961,101941.63,1.9990753643,0.00512,0
1665243517,14292913,False,1460,101941.62,1.4883476537520002,0.00512,0
1665243606,14292914,True,1961,101941.63,1.9990753643,0.00512,0
1665243614,14292915,True,55913,101941.63,56.999642998199995,0.00512,0
1665243625,14292916,True,98095,101941.63,99.9996419485,0.00512,0
1665243805,14292917,True,147143,101941.63,149.9999726309,0.00512,2
1665243828,14292918,True,100000,101941.63,101.94163,0.00512,2
1665243858,14292919,True,98095,101941.63,99.9996419485,0.00512,0
1665243949,14292920,True,98090,101947.09,99.999900581,0.00517,0
1665244000,14292921,True,14713,101947.09,14.999475351700001,0.00517,0
1665244084,14292922,False,1236,101947.09,1.2600660321528,0.00517,0
1665244158,14292923,True,980832,101954.16,999.9990266112001,0.00524,2
1665244199,14292924,True,6894,101954.16,7.029739332,0.00524,0
1665244310,14292925,False,32071,101954.16,32.697718653596795,0.00524,0
1665244380,14292926,True,1471156,101960.6,1499.9994845360002,0.00531,2
1665244414,14292927,True,49038,101960.61,49.9994439318,0.00531,0
1665244444,14292928,False,3820317,101941.63,3894.493422877259,0.00512,2
1665244479,14292929,True,98077,101960.61,99.99990746969999,0.00531,0
1665244518,14292930,False,110710,101960.61,112.88059133098893,0.00531,2
1665244537,14292931,True,392308,101960.61,399.99962987879996,0.00531,2
1665244631,14292932,True,1471,101965.96,1.4999192716,0.00536,0
1665245033,14292933,True,490434,101950.45,499.999669953,0.00521,2
1665245037,14292934,True,5697825,101950.45,5808.958227142717,0.00521,2
1665245037,14292935,True,4110860,101950.45,4191.041288374499,0.00521,2
1665245145,14292936,True,267005,101941.64,272.189275882,0.00512,2
1665245284,14292937,False,77701,101941.63,79.2096659263,0.00512,0
1665245284,14292938,False,7618,101941.62,7.7659126116,0.00512,0
1665245530,14292939,True,274644,101949.82,279.99906364080005,0.0052,2
1665245555,14292940,True,180819,101949.82,184.34464502580002,0.0052,2
1665245915,14292941,True,193866,101967.33,197.67998397780002,0.00537,2
1665245965,14292942,True,979,101967.33,0.999279834,0.00537,0
1665246073,14292943,True,294211,101967.33,299.9991012663,0.00537,2
1665246084,14292944,False,44710,101941.62,45.578098302,0.00512,0
1665246190,14292945,False,30741,101941.62,31.338892820399998,0.00512,0
1665246315,14292946,True,35814,101941.63,36.509375368200004,0.00512,0
1665246348,14292947,True,31262,101941.63,31.8689923706,0.00512,0
1665246692,14292948,True,4529970,101960.27,4618.769642919,0.0053,2
1665246743,14292949,True,196172,101950.89,199.9990999308,0.00521,2
1665246786,14292950,True,9735,101950.89,9.9249191415,0.00521,0
1665246788,14292951,True,24794093,101950.89,25277.7984809277,0.00521,1
1665246831,14292952,True,29423,101954.4,29.999062655999996,0.00524,0
1665246850,14292953,True,98083,101954.4,99.999934152,0.00524,0
1665246885,14292954,True,59212,101954.4,60.369239328,0.00524,0
1665246970,14292955,True,183389,101968.63,186.9992508707,0.00539,2
1665247017,14292956,True,2455931,102026.46,2505.6994593426,0.00596,2
1665247025,14292957,True,3268,102173.741,3.339037842325643,0.00741,0
1665247306,14292958,True,575665,102059.24,587.5193239460001,0.00628,2
1665247372,14292959,True,19772,102059.24,20.1791529328,0.00628,0
1665247409,14292960,True,489911,102059.24,499.99944327640003,0.00628,2
1665247518,14292961,True,36798,102068.79,37.5592733442,0.00637,0
1665247605,14292962,True,293919,102068.79,299.99956688009996,0.00637,2
1665247617,14292963,False,186700,102059.24,190.54460124803,0.00628,2
1665247671,14292964,True,1508,102075.17,1.5392935636,0.00644,0
1665247729,14292965,True,149889,102075.17,152.9994515613,0.00644,2
1665247771,14292966,True,24848603,102075.17,25364.2537548751,0.00644,1
1665247771,14292967,True,1940000,102198.0,1982.641199999806,0.00765,2
1665247771,14292968,True,45813962,102198.0,46820.95288476,0.00765,1
1665247771,14292969,True,436000,102251.203,445.8152470848152,0.00817,2
1665247771,14292970,True,30603629,102252.378,31292.938507789597,0.00818,1
1665247771,14292971,True,1912000,102269.126,1955.3856974567025,0.00835,2
1665247771,14292972,True,1973000,102270.426,2017.7954974468887,0.00836,2
1665247771,14292973,True,863000,102278.133,882.6602874583491,0.00844,2
1665247771,14292974,True,1093000,102279.049,1117.9100105738635,0.00845,2
1665247771,14292975,True,1550000,102279.322,1585.329498078695,0.00845,2
1665247771,14292976,True,892000,102279.42,912.3324260101069,0.00845,2
1665247771,14292977,True,1455000,102279.693,1488.1695324977236,0.00845,2
1665247771,14292978,True,1059000,102280.429,1083.1497439270186,0.00846,2
1665247771,14292979,True,1093000,102280.783,1117.9289528692761,0.00846,2
1665247771,14292980,True,1439000,102281.009,1471.8237223846902,0.00847,2
1665247771,14292981,True,1830000,102281.226,1871.7464382957542,0.00847,2
1665247771,14292982,True,1850999,102282.901,1893.2564918091048,0.00848,2
1665247771,14292983,True,464999,102282.913,475.61554488948894,0.00848,2
1665247771,14292984,True,4581444,102284.0,4686.08418096,0.00849,2
1665247842,14292985,True,43665,102095.04,44.579799216,0.00663,0
1665247870,14292986,True,3917918,102095.04,3999.9999492672,0.00663,2
1665247932,14292987,False,9766,102113.34,9.972388784399023,0.00681,0
1665247952,14292988,True,4504798,102113.34,4599.9996980532,0.00681,2
1665247965,14292989,True,92912,102136.17,94.8967582704,0.00704,0
1665247990,14292990,True,146862,102136.17,149.9992219854,0.00704,2
1665248033,14292991,True,195817,102136.17,199.9999840089,0.00704,2
1665248074,14292992,True,48954,102136.17,49.9997406618,0.00704,0
1665248075,14292993,False,37930,102136.17,38.740249273414,0.00704,0
1665248128,14292994,True,29372,102136.17,29.9994358524,0.00704,0
1665248135,14292995,False,13130,102136.17,13.410479118374,0.00704,0
1665248184,14292996,True,15906,102159.14,16.2494328084,0.00726,0
1665248725,14292997,False,25238,102144.33,25.77918600539748,0.00712,0
1665248744,14292998,True,489911,102059.25,499.9994922675,0.00628,2
1665248819,14292999,False,147435,102059.25,150.4710552227712,0.00628,2
1665248853,14293000,False,979,102059.24,1.000180552,0.00628,0
1665248853,14293001,False,39020,102047.424,39.818904786270004,0.00616,0
1665248853,14293002,True,983213,102059.25,1003.4598137025,0.00628,2
1665248865,14293003,False,979,102049.15,1.000081669999902,0.00618,0
1665249002,14293004,True,9800,102034.89,9.99941922,0.00604,0
1665249170,14293005,True,2691,102177.569,2.749598379099,0.00745,0
1665249225,14293006,False,50700,101950.92,51.689116439994926,0.00521,0
1665249282,14293007,True,49043,101950.92,49.9997896956,0.00521,0
1665249309,14293008,True,7003,101950.92,7.1396229276000005,0.00521,0
1665249329,14293009,False,528000,101950.917,538.3008402288,0.00521,2
1665249359,14293010,True,7630,101955.72,7.779221436,0.00526,0
1665249387,14293011,False,14360,101955.718,14.640841057411999,0.00526,0
1665249420,14293012,False,125030,101958.592,127.47984701214497,0.00529,2
1665249485,14293013,True,6473,101961.73,6.5999827829,0.00532,0
1665249566,14293014,True,196142,101966.78,199.9996816276,0.00537,2
1665249589,14293015,True,98071,101966.78,99.9998408138,0.00537,0
1665249675,14293016,True,368236,101977.93,375.5194503148,0.00548,2
1665249675,14293017,True,294181,101977.93,299.9996942533,0.00548,2
1665249687,14293018,False,33180,101979.712,33.83686838276854,0.00549,0
1665249698,14293019,True,489448,102155.484,499.9989951278844,0.00723,2
1665249719,14293020,False,1276555,101987.44,1301.9257646918725,0.00557,2
1665249848,14293021,False,17450,101992.05,17.797612724998256,0.00562,0
1665249994,14293022,True,49019,101999.59,49.9991790221,0.00569,0
1665250047,14293023,True,183912,101999.59,187.5894859608,0.00569,2
1665250156,14293024,True,979,101999.59,0.9995959819999999,0.00569,0
1665250180,14293025,False,12960,101999.59,13.219146861408001,0.00569,0
1665250210,14293026,True,8519,101999.59,8.6893450721,0.00569,0
1665250343,14293027,True,196111,101982.13,199.9991947856,0.00552,2
1665250396,14293028,False,3150,101960.696,3.21176191522851,0.00531,0
1665250473,14293029,True,147113,101962.21,149.9996659973,0.00532,2
1665250644,14293030,True,147113,101962.21,149.9996659973,0.00532,2
1665250691,14293031,True,1137,101962.21,1.1593103277,0.00532,0
1665250748,14293032,False,4330,101966.94,4.415168501999568,0.00537,0
1665250836,14293033,True,12258,101966.94,12.499107505200001,0.00537,0
1665250927,14293034,False,1540000,101972.01,1570.368953999846,0.00542,2
1665250927,14293035,False,2029000,101972.01,2069.012082899797,0.00542,2
1665250927,14293036,False,1044990,101972.01,1065.5973072988954,0.00542,2
1665251189,14293037,True,12041,101979.81,12.279388922099999,0.0055,0
1665251239,14293038,False,99908,101967.292,101.87348206382536,0.00537,2
1665251309,14293039,True,25000000,101979.85,25494.9625,0.0055,1
1665251309,14293040,True,10943601,102142.464,11178.063683275279,0.0071,2
1665251309,14293041,True,2420000,102159.305,2472.255191580966,0.00727,2
1665251309,14293042,True,888000,102176.492,907.3272512589432,0.00743,2
1665251309,14293043,True,732000,102177.389,747.9384893481372,0.00744,2
1665251309,14293044,True,351000,102177.641,358.6435201188099,0.00745,2
1665251309,14293045,True,851000,102177.867,869.5336481976575,0.00745,2
1665251309,14293046,True,687000,102178.069,701.9633361935004,0.00745,2
1665251309,14293047,True,1170000,102178.462,1195.4880024844772,0.00745,2
1665251309,14293048,True,12275000,102178.614,12542.424912690001,0.00746,2
1665251309,14293049,True,4931346,102179.581,5038.828695747433,0.00747,2
1665251385,14293050,True,5569,101981.64,5.6793575316,0.00551,0
1665251405,14293051,True,10472,101981.64,10.6795173408,0.00551,0
1665251409,14293052,False,99909,101981.627,101.88882392923891,0.00551,2
1665251436,14293053,True,76434,101981.64,77.9486467176,0.00551,0
1665251535,14293054,True,490254,101987.75,499.99902388500004,0.00557,2
1665251628,14293055,False,50233,101981.62,51.228427194693204,0.00551,0
1665251632,14293056,True,147076,101987.75,149.99950319,0.00557,2
1665251704,14293057,False,1984000,101987.75,2023.4369599998017,0.00557,2
1665251704,14293058,False,665070,101987.75,678.2899289249335,0.00557,2
1665251796,14293059,True,1959,101997.24,1.999145904,0.00567,0
1665251838,14293060,False,7353140,101997.24,7499.999852600686,0.00567,2
1665251930,14293061,True,17157,101997.24,17.4996664668,0.00567,0
1665251941,14293062,False,2020,101997.24,2.060344247798,0.00567,0
1665252038,14293063,True,12727480,101997.24,12981.6793415244,0.00567,2
1665252076,14293064,True,97849,102003.42,99.8093264358,0.00573,0
1665252168,14293065,True,6862524,102003.42,7000.0091783208,0.00573,2
1665252225,14293066,False,179260,101981.63,182.81226993798208,0.00551,2
1665252261,14293067,True,1000,101981.63,1.0198163000000002,0.00551,0
1665252316,14293068,True,1000,101981.63,1.0198163000000002,0.00551,0
1665252350,14293069,False,24250,101989.27,24.73239797499758,0.00559,0
1665252356,14293070,True,1000,101989.27,1.0198927000000002,0.00559,0
1665252364,14293071,False,18394,101989.27,18.759906323798162,0.00559,0
1665252391,14293072,True,1000,101989.27,1.0198927000000002,0.00559,0
1665252398,14293073,True,1000,101989.27,1.0198927000000002,0.00559,0
1665252440,14293074,True,1000,101989.27,1.0198927000000002,0.00559,0
1665252445,14293075,True,1000,101989.27,1.0198927000000002,0.00559,0
1665252470,14293076,True,775365,101989.27,790.7891033355,0.00559,2
1665252525,14293077,True,61565,101989.27,62.78969407550001,0.00559,0
1665252543,14293078,True,196099,101989.27,199.99993857730001,0.00559,2
1665252589,14293079,True,73401,102178.15,74.99978407094063,0.00745,0
1665252754,14293080,True,18500,101997.45,18.86952825,0.00567,0
1665252836,14293081,True,979,101997.45,0.9995750099999999,0.00567,0
1665252889,14293082,True,489325,102181.496,499.99960745503,0.00748,2
1665252928,14293083,False,92930,102010.14,94.79802310199071,0.00579,0
1665253045,14293084,True,58814,102013.6,59.99929884,0.00583,0
1665253092,14293085,True,294078,102013.6,299.99955460800004,0.00583,2
1665253151,14293086,True,9786,102181.496,9.999481241618401,0.00748,0
1665253202,14293087,True,19603,102023.87,19.999739236099998,0.00593,0
1665253397,14293088,True,185694,102029.76,189.4631425344,0.00599,2
1665253551,14293089,True,195998,102041.85,199.99998516300002,0.00611,2
1665253564,14293090,False,291992,102041.85,297.9540386228008,0.00611,2
1665253686,14293091,False,9000,102001.854,9.1801668708,0.00571,0
1665253776,14293092,True,272914,102009.99,278.3995441086,0.00579,2
1665253792,14293093,True,1959,102009.99,1.999395804,0.00579,0
1665253891,14293094,False,16584,102009.99,16.9173367399416,0.00579,0
1665253944,14293095,True,980296,102009.99,999.9998515704,0.00579,2
1665254168,14293096,False,184395,102022.436,188.124271267869,0.00592,2
1665254192,14293097,True,25768,102022.45,26.289144915999998,0.00592,0
1665254195,14293098,True,240082,102188.901,245.337157058738,0.00756,2
1665254392,14293099,False,444035,102029.88,453.04837761359653,0.00599,2
1665254467,14293100,False,16570,102035.98,16.90736188599834,0.00605,0
1665254505,14293101,True,11201,102035.98,11.4290501198,0.00605,0
1665254519,14293102,False,4648,102018.736,4.741830832393352,0.00588,0
1665254662,14293103,False,93790,102021.37,95.68584318232935,0.00591,0
1665254702,14293104,True,8781,102037.15,8.9598821415,0.00606,0
1665254864,14293105,False,265136,102000.0,270.43872000000005,0.00569,2
1665254869,14293106,True,147058,102000.01,149.9991747058,0.00569,2
1665254904,14293107,True,30065487,102000.01,30666.79972850941,0.00569,1
1665254921,14293108,True,208794,102000.01,212.9699007541236,0.00569,2
1665255067,14293109,False,1860,102000.0,1.8972000000000002,0.00569,0
1665255182,14293110,True,42068,102000.01,42.9093641815592,0.00569,0
1665255214,14293111,True,9803,102000.01,9.9990609744182,0.00569,0
1665255291,14293112,True,11058,102000.01,11.2791610991652,0.00569,0
1665255558,14293113,True,5155950,102000.01,5259.069515595,0.00569,2
1665255595,14293114,True,4833,102000.02,4.9296609666,0.00569,0
1665255766,14293115,False,7250,102000.0,7.3950000000000005,0.00569,0
1665255798,14293116,True,29999,102000.01,30.600002982,0.00569,0
1665255802,14293117,True,2098,102000.01,2.1399602085412,0.00569,0
1665255927,14293118,True,49019,102000.01,49.999384872488605,0.00569,0
1665256154,14293119,True,98039,102000.01,99.99978974507661,0.00569,0
1665256163,14293120,True,7195,102000.01,7.3399207152824,0.00569,0
1665256301,14293121,False,52260,102000.0,53.3052,0.00569,0
1665256363,14293122,False,653894,102000.0,666.97188,0.00569,2
1665256363,14293123,False,19617,102000.0,20.009339999999998,0.00569,0
1665256402,14293124,True,17529,102000.0,17.879579982471,0.00569,0
1665256450,14293125,False,17407,101950.89,17.7465914223,0.00521,0
1665256519,14293126,True,50000,101950.9,50.97544997,0.00521,0
1665256638,14293127,False,395521,101950.89,403.2371796369395,0.00521,2
1665256692,14293128,True,1677366,101950.9,1710.0897322875803,0.00521,2
1665256701,14293129,True,125030,101950.9,127.469210194982,0.00521,2
1665256792,14293130,True,1961728,101950.9,1999.9993503749633,0.00521,2
1665256869,14293131,True,1961,101950.9,1.9992571478234,0.00521,0
1665257086,14293132,True,98086,101950.9,99.99955971514841,0.00521,0
1665257326,14293133,True,100000,101950.9,101.95089994,0.00521,2
1665257393,14293134,True,38408,101950.9,39.157301648955205,0.00521,0
1665257430,14293135,True,1834,101950.9,1.8697795048996002,0.00521,0
1665257450,14293136,True,9122,101950.9,9.2999610925268,0.00521,0
1665257462,14293137,True,9131,101950.9,9.309136673521401,0.00521,0
1665257717,14293138,False,2210,101950.89,2.253114669,0.00521,0
1665257717,14293139,False,22650,101940.0,23.08941,0.0051,0
1665257789,14293140,True,97213,101950.9,99.10952835867221,0.00521,0
1665257814,14293141,False,408710,101940.0,416.63897399999996,0.0051,2
1665257825,14293142,True,306484,101940.01,312.4298200645096,0.0051,2
1665257848,14293143,False,65218,101940.0,66.4832292,0.0051,0
1665257893,14293144,False,288197,101940.0,293.7880218,0.0051,2
1665257893,14293145,False,98098,101938.46,99.99959073605481,0.00509,0
1665257893,14293146,False,20000,101938.44,20.387688,0.00509,0
1665257893,14293147,False,184705,101916.928,188.2456624552846,0.00488,2
1665257900,14293148,False,163697,101901.323,166.80940866915802,0.00472,2
1665257918,14293149,False,104570,101913.282,106.57071936799298,0.00484,2
1665257938,14293150,True,49060,101915.53,49.999759018,0.00486,0
1665258044,14293151,True,5000000,101903.49,5095.174500000001,0.00474,2
1665258044,14293152,True,2752432,101903.5,2804.8245431200003,0.00474,2
1665258121,14293153,True,120077,101901.01,122.35967570565381,0.00472,2
1665258167,14293154,True,112853,101901.01,114.9993657576876,0.00472,2
1665258216,14293155,True,9450,101901.01,9.629645439330002,0.00472,0
1665258246,14293156,True,49067,101901.01,49.999768547259805,0.00472,0
1665258256,14293157,False,40000,101901.0,40.760400000000004,0.00472,0
1665258284,14293158,True,1472016,101901.01,1499.9991704783904,0.00472,2
1665258351,14293159,True,192274,101901.01,195.9291478520356,0.00472,2
1665258353,14293160,True,183089,101901.01,186.5695400890466,0.00472,2
1665258386,14293161,True,34347,101901.01,34.9999398840918,0.00472,0
1665258462,14293162,True,98134,101901.02,99.999546917733,0.00472,0
1665258477,14293163,False,7656,101901.02,7.802561097570734,0.00472,0
1665258503,14293164,True,7605,101901.02,7.749572567197501,0.00472,0
1665258543,14293165,True,3925377,101901.02,3999.9991998827118,0.00472,2
1665258602,14293166,False,1179000,101901.03,1201.413143699882,0.00472,2
1665258602,14293167,False,1179000,101901.03,1201.413143699882,0.00472,2
1665258602,14293168,False,307042,101901.0,312.87886842,0.00472,2
1665258602,14293169,False,981,101900.0,1.0006579999999998,0.00471,0
1665258602,14293170,False,198557,101900.0,202.32958299999999,0.00471,2
1665258602,14293171,False,1014479,101900.0,1033.754101,0.00471,2
1665258618,14293172,True,1756,101901.03,1.7893820868,0.00472,0
1665258619,14293173,False,311200,101900.0,317.1128,0.00471,2
1665258636,14293174,False,3448,101900.0,3.5135120000000004,0.00471,0
1665258638,14293175,True,1274766,101901.03,1298.9996840898,0.00472,2
1665258700,14293176,True,19627,101900.01,19.9999149509238,0.00471,0
1665258714,14293177,False,76968,101900.0,78.430392,0.00471,0
1665258815,14293178,True,1620021,101900.01,1650.8015600300873,0.00471,2
1665258815,14293179,True,16158937,101900.01,16465.9584188937,0.00471,2
1665258863,14293180,True,14072,101900.01,14.3393694072,0.00471,0
1665258982,14293181,True,4906,101900.01,4.9992144906,0.00471,0
1665258997,14293182,False,15208,101900.0,15.497971,0.00471,0
1665259065,14293183,True,15092,102032.053,15.398677378891545,0.00601,0
1665259090,14293184,True,1976442,101905.3,2014.0991494260002,0.00476,2
1665259104,14293185,True,100000,101905.31,101.90531,0.00476,2
1665259138,14293186,False,29160,101900.0,29.714040000002914,0.00471,0
1665259147,14293187,False,2980,101900.0,3.0366200000002976,0.00471,0
1665259168,14293188,False,259839,101900.0,264.77696000002595,0.00471,2
1665259234,14293189,True,29439,101905.31,29.9999042109,0.00476,0
1665259248,14293190,True,100000,101905.31,101.90531,0.00476,2
1665259278,14293191,True,24532,101905.31,24.999410649199998,0.00476,0
1665259340,14293192,True,19627,101900.01,19.999914962699997,0.00471,0
1665259370,14293193,True,2119,101900.01,2.1592612118999996,0.00471,0
1665259378,14293194,True,9813,101900.01,9.9994479813,0.00471,0
1665259423,14293195,False,87863,101900.0,89.532397,0.00471,0
1665259432,14293196,True,1285,101900.01,1.3094151285,0.00471,0
1665259799,14293197,True,9813,101900.01,9.9994479813,0.00471,0
1665259826,14293198,False,12846,101900.01,13.090075284598715,0.00471,0
1665259846,14293199,True,686947,101900.01,699.9990616947,0.00471,2
1665259852,14293200,False,33000,101900.0,33.627,0.00471,0
1665259867,14293201,False,508549,101900.0,518.211431,0.00471,2
1665259867,14293202,False,200000,101900.0,203.8,0.00471,2
1665259906,14293203,True,1531171,101882.77,1559.9994282367,0.00454,2
1665259930,14293204,False,250000,101882.76,254.70689925,0.00454,2
1665259930,14293205,False,1550000,101848.893,1578.65784446453,0.0042,2
1665260320,14293206,False,1903,101800.01,1.9372541902998095,0.00372,0
1665260387,14293207,True,98152,101882.0,99.99922064,0.00453,0
1665260467,14293208,False,20000,101805.4,20.361079999998,0.00378,0
1665260488,14293209,True,2087373,101805.4,2125.0594501959995,0.00378,2
1665260490,14293210,False,6000,101805.4,6.1083239999994,0.00378,0
1665260558,14293211,False,24000,101808.64,24.434073595202403,0.00381,0
1665260583,14293212,False,104080,101808.64,105.9624324911944,0.00381,2
1665260586,14293213,False,17874,101808.64,18.19727631002699,0.00381,0
1665260649,14293214,False,27264,101813.801,27.7585148308396,0.00386,0
1665260718,14293215,False,126699,101818.064,129.00348697398266,0.0039,2
1665260782,14293216,True,21499,101818.07,21.8898668693,0.0039,0
1665260824,14293217,True,497210,101818.07,506.24962584700006,0.0039,2
1665260829,14293218,True,9821,101818.07,9.9995526547,0.0039,0
1665260856,14293219,True,8662,101818.07,8.8194812234,0.0039,0
1665260864,14293220,True,1964287,101818.07,1999.9991126609002,0.0039,2
1665260878,14293221,True,1964287,101818.07,1999.9991126609002,0.0039,2
1665260889,14293222,True,31438,101818.18,32.0095994284,0.0039,0
1665260944,14293223,False,98210,101831.54,100.00875543399019,0.00403,2
1665261066,14293224,True,100000,101831.54,101.83153999999999,0.00403,2
1665261128,14293225,True,50082,101831.54,50.9992718628,0.00403,0
1665261408,14293226,True,294585,101837.9,299.999177715,0.0041,2
1665261421,14293227,True,4909,101837.9,4.999222510999999,0.0041,0
1665261479,14293228,True,49095,101841.47,49.9990696965,0.00413,0
1665261590,14293229,True,14728,101841.47,14.999211701600002,0.00413,0
1665261660,14293230,False,2105,101841.47,2.143762943079,0.00413,0
1665261685,14293231,True,375829,101961.0,383.19900669000003,0.00531,2
1665261694,14293232,True,7885,101957.0,8.039309450000001,0.00527,0
1665261705,14293233,True,196399,101833.11,199.9992097089,0.00405,2
1665261932,14293234,True,150108,101833.11,152.8596447588,0.00405,2
1665261951,14293235,True,1963902,101838.02,1999.9999299206,0.0041,2
1665261977,14293236,True,49097,101838.03,49.9994175891,0.0041,0
1665262138,14293237,False,214312,101814.406,218.2004898473703,0.00386,2
1665262209,14293238,True,10952,101800.01,11.149137095199999,0.00372,0
1665262298,14293239,True,111900,101800.01,113.91421118999999,0.00372,2
1665262387,14293240,True,93320,101800.01,94.999769332,0.00372,0
1665262444,14293241,True,23555,101800.01,23.9789923555,0.00372,0
1665262491,14293242,True,285588,101810.96,290.7598844448,0.00383,2
1665262507,14293243,True,17660,101810.96,17.979815536000004,0.00383,0
1665262711,14293244,True,1180383,101810.96,1201.7592639768,0.00383,2
1665262822,14293245,True,454410,101817.46,462.6697381606,0.00389,2
1665262825,14293246,True,1964299,101817.46,1999.9993486054,0.00389,2
1665262857,14293247,False,5370,101817.46,5.467597601463,0.00389,0
1665262981,14293248,True,18802,101955.0,19.1695791,0.00525,0
1665263155,14293249,False,242915,101829.07,247.3580853662085,0.00401,2
1665263235,14293250,True,2941,101974.0,2.9990553364705064,0.00544,0
1665263249,14293251,True,15112,101835.57,15.389391338400001,0.00407,0
1665263346,14293252,True,130838,101835.57,133.23962307660003,0.00407,2
1665263542,14293253,False,142080,101849.44,144.70768435198582,0.00421,2
1665263573,14293254,True,20903,101849.44,21.2895884432,0.00421,0
1665263593,14293255,True,136564,101849.44,139.0896692416,0.00421,2
1665263782,14293256,True,661545,101849.45,673.7799440025,0.00421,2
1665263801,14293257,True,49092,101849.45,49.999931994,0.00421,0
1665263811,14293258,True,1963682,101849.45,1999.999316749,0.00421,2
1665263862,14293259,True,9818,101849.45,9.999579000999999,0.00421,0
1665263886,14293260,True,250390,101849.45,255.020837704766,0.00421,2
1665263886,14293261,True,5017777,101849.45,5110.578276726499,0.00421,2
1665263937,14293262,True,157094,101849.45,159.999374983,0.00421,2
1665264002,14293263,True,12763,101849.45,12.999045303499999,0.00421,0
1665264079,14293264,True,245460,101849.45,249.99965996999998,0.00421,2
1665264116,14293265,False,200000,101849.44,203.69888,0.00421,2
1665264116,14293266,False,184486,101828.967,187.86018832607314,0.00401,2
1665264164,14293267,True,49092,101849.45,49.999931994,0.00421,0
1665264176,14293268,True,98184,101849.44,99.99985416960001,0.00421,0
1665264493,14293269,True,438943,101826.34,446.95959158619996,0.00398,2
1665264659,14293270,True,100000,101805.42,101.80542,0.00378,2
1665264688,14293271,True,982265,101805.42,999.999008763,0.00378,2
1665264704,14293272,True,703695,101805.42,716.399650269,0.00378,2
1665264854,14293273,True,200000,101800.01,203.60002,0.00372,2
1665264934,14293274,True,8467,101800.01,8.6194068467,0.00372,0
1665264997,14293275,True,10000,101800.01,10.180001,0.00372,0
1665265017,14293276,True,98230,101800.01,99.99916782309998,0.00372,0
1665265022,14293277,True,3050000,101800.01,3104.9003049999997,0.00372,2
1665265099,14293278,True,245395,101880.53,250.0097276493365,0.00452,2
1665265116,14293279,False,5000,101800.0,5.09,0.00372,0
1665265116,14293280,False,983,101800.0,1.000694,0.00372,0
1665265116,14293281,False,4069,101800.0,4.1422419999999995,0.00372,0
1665265116,14293282,False,569948,101758.968,579.9732052417377,0.00332,2
1665265137,14293283,False,2180000,101763.373,2218.44153812857,0.00336,2
1665265137,14293284,False,340000,101763.373,345.995469249376,0.00336,2
1665265195,14293285,False,1990000,101739.061,2024.607305423197,0.00312,2
1665265195,14293286,False,565000,101739.061,574.825692243213,0.00312,2
1665265195,14293287,False,1356000,101704.773,1379.116715639959,0.00278,2
1665265195,14293288,False,53675429,101704.377,54590.26046256069,0.00278,1
1665265195,14293289,False,2396000,101704.377,2436.836862838111,0.00278,2
1665265195,14293290,False,1985000,101703.988,2018.824153982276,0.00278,2
1665265195,14293291,False,2396000,101703.669,2436.81989746366,0.00277,2
1665265195,14293292,False,1864000,101703.21,1895.7478280631456,0.00277,2
1665265195,14293293,False,1167000,101703.149,1186.8757500128713,0.00277,2
1665265195,14293294,False,1342000,101703.028,1364.85463554528,0.00277,2
1665265195,14293295,False,50601,101702.697,51.462581830635045,0.00276,0
1665265274,14293296,True,4916,101704.47,4.9997917452,0.00278,0
1665265287,14293297,True,10000,101704.47,10.170447000000001,0.00278,0
1665265300,14293298,False,4833236,101700.0,4915.401011999999,0.00274,2
1665265300,14293299,False,7000000,101700.0,7119.000000000001,0.00274,2
1665265300,14293300,False,108161,101700.0,109.999737,0.00274,2
1665265328,14293301,True,100000,101639.63,101.63963000001,0.00214,2
1665265329,14293302,False,196300,101639.63,199.51859369,0.00214,2
1665265329,14293303,False,200000,101600.0,203.20000000000002,0.00175,2
1665265329,14293304,False,101000,101550.0,102.5655,0.00126,2
1665265329,14293305,False,50000,101513.5,50.756750000000004,0.000898,0
1665265329,14293306,False,77399,101500.0,78.559985,0.000765,0
1665265329,14293307,False,98522,101500.0,99.99983,0.000765,0
1665265329,14293308,False,6580,101500.0,6.679715,0.000765,0
1665265329,14293309,False,988,101500.0,1.00282,0.000765,0
1665265329,14293310,False,1280788,101500.0,1299.99982,0.000765,2
1665265329,14293311,False,195906,101500.0,198.84560499999998,0.000765,2
1665265329,14293312,False,1000000,101500.0,1015.0,0.000765,2
1665265329,14293313,False,105000,101500.0,106.57499999999999,0.000765,2
1665265329,14293314,False,150000,101500.0,152.25,0.000765,2
1665265329,14293315,False,28300,101487.165,28.720867695,0.000638,0
1665265329,14293316,False,100000,101449.36,101.44936,0.000265,2
1665265329,14293317,False,967000,101417.237,980.7046798964205,-5.14e-05,2
1665265329,14293318,False,1529000,101417.23,1550.6694438964255,-5.15e-05,2
1665265329,14293319,False,801214,101415.918,812.5595513160328,-6.44e-05,2
1665265359,14293320,True,34671,101408.5,35.15934103500347,-0.000138,0
1665265362,14293321,False,1129737,101408.5,1145.649345645,-0.000138,2
1665265362,14293322,False,22591180,101401.97,22907.901566246,-0.000202,1
1665265364,14293323,True,100000,101406.782,101.40678156956,-0.000154,2
1665265374,14293324,False,354270,101400.0,359.22978,-0.000221,2
1665265378,14293325,True,14793,101397.789,14.999774955850079,-0.000243,0
1665265379,14293326,True,459207,101397.789,465.6257458359391,-0.000243,2
1665265379,14293327,True,405483,101398.198,411.15347080025595,-0.000239,2
1665265398,14293328,True,1972587,101389.689,1999.9998327858384,-0.000323,2
1665265434,14293329,False,100000,101369.03,101.36903,-0.000527,2
1665265434,14293330,False,4045109,101357.21,4100.0096238589,-0.000643,2
1665265446,14293331,False,1054172,101304.64,1067.9251495807998,-0.00116,2
1665265450,14293332,False,203888,101300.0,206.53955699999997,-0.00121,2
1665265450,14293333,False,100000,101300.0,101.3,-0.00121,2
1665265458,14293334,True,987,101296.98,0.999801192105513,-0.00124,0
1665265498,14293335,True,49356,101304.65,49.99992305399999,-0.00116,0
1665265585,14293336,False,10004,101263.09,10.130359523601,-0.00157,0
1665265624,14293337,True,165736,101263.1,167.82941141600003,-0.00157,2
1665265685,14293338,True,100000,101263.09,101.26309000001,-0.00157,2
1665265699,14293339,False,100000,101263.09,101.26309,-0.00157,2
1665265699,14293340,False,211110,101263.09,213.77752192989996,-0.00157,2
1665265751,14293341,False,29630,101263.09,30.004253567,-0.00157,0
1665265761,14293342,False,13868006,101263.09,14043.171396985399,-0.00157,2
1665265773,14293343,True,11850,101263.1,11.99967734999526,-0.00157,0
1665265795,14293344,True,793072,101263.1,803.0892924319207,-0.00157,2
1665265818,14293345,True,19750,101263.09,19.999460275001972,-0.00157,0
1665265841,14293346,True,150963,101263.09,152.8697985567151,-0.00157,2
1665265867,14293347,False,1500000,101263.09,1518.94635,-0.00157,2
1665266009,14293348,True,29625,101263.1,29.999193375000004,-0.00157,0
1665266062,14293349,False,21940,101263.09,22.21712194600219,-0.00157,0
1665266269,14293350,True,98750,101265.0,99.9991875,-0.00155,0
1665266320,14293351,True,177751,101265.0,179.99955015,-0.00155,2
1665266335,14293352,True,7978,101265.0,8.079934349999998,-0.00155,0
1665266375,14293353,True,15520,101265.0,15.716328,-0.00155,0
1665266375,14293354,True,2981862,101265.01,3019.5828524862,-0.00155,2
1665266444,14293355,False,100000,101264.0,101.264,-0.00156,2
1665266444,14293356,False,853685,101263.09,864.4678098665,-0.00157,2
1665266491,14293357,False,4161080,101263.09,4213.638185372,-0.00157,2
1665266550,14293358,False,128404,101263.09,130.02585808359999,-0.00157,2
1665266694,14293359,False,3665039,101263.09,3711.3317411051,-0.00157,2
1665266700,14293360,False,48278,101263.09,48.887794590199995,-0.00157,0
1665266705,14293361,False,1430000,101263.09,1448.062187000143,-0.00157,2
1665266705,14293362,False,3111424,101263.09,3150.7240854016,-0.00157,2
1665266705,14293363,False,1352488,101263.09,1369.5711406792,-0.00157,2
1665266705,14293364,False,988,101263.09,1.0004793292,-0.00157,0
1665266722,14293365,False,25000,101250.0,25.3125,-0.0017,0
1665266722,14293366,False,50000,101250.0,50.625,-0.0017,0
1665266724,14293367,True,19753,101248.15,19.9995470586556,-0.00172,0
1665266736,14293368,True,10167,101200.0,10.289004000001016,-0.00219,0
1665266794,14293369,True,37055,101200.0,37.4996600000037,-0.00219,0
1665266842,14293370,True,49407,101200.0,49.99988400000988,-0.00219,0
1665266847,14293371,False,1155497,101200.0,1169.3629640001154,-0.00219,2
1665266899,14293372,True,50000,101200.01,50.600004999999996,-0.00219,0
1665266946,14293373,True,296442,101200.01,299.9993336442,-0.00219,2
1665267186,14293374,True,76660,101200.01,77.57992766599999,-0.00219,0
1665267221,14293375,True,7490,101200.01,7.579880749,-0.00219,0
1665267236,14293376,True,2500000,101200.01,2530.00025,-0.00219,2
1665267250,14293377,False,13753,101200.0,13.919047999999998,-0.00219,0
1665267250,14293378,False,82057,101200.0,83.04168399999999,-0.00219,0
1665267271,14293379,True,2440710,101200.01,2469.998764071,-0.00219,2
1665267411,14293380,True,100000,101200.01,101.20000999999999,-0.00219,2
1665267442,14293381,True,197619,101204.82,199.9999532358,-0.00215,2
1665267460,14293382,True,1551,101204.82,1.5696867582,-0.00215,0
1665267545,14293383,True,5928,101210.1,5.999734728000001,-0.00209,0
1665267732,14293384,True,2014,101216.39,2.0395102585,-0.00203,0
1665267734,14293385,True,3156603,101216.39,3194.9996032317003,-0.00203,2
1665267873,14293386,True,10010,101216.4,10.131761639999999,-0.00203,0
1665267893,14293387,True,49399,101216.4,49.999889436000004,-0.00203,0
1665268000,14293388,False,172905,101225.5,175.02395077498272,-0.00194,2
1665268078,14293389,False,360000,101218.221,364.38559638026396,-0.00201,2
1665268229,14293390,False,1540000,101246.579,1559.197317816754,-0.00173,2
1665268229,14293391,False,466000,101246.579,471.80905850814,-0.00173,2
1665268229,14293392,False,143036,101246.533,144.81899028791943,-0.00173,2
1665268327,14293393,True,9872182,101294.75,10000.002076445,-0.00126,2
1665268575,14293394,True,14799,101356.07,14.9996847993,-0.000654,0
1665268766,14293395,True,1550000,101361.07,1571.0965849996899,-0.000605,2
1665268766,14293396,True,1212401,101361.07,1228.9026262907,-0.000605,2
1665268822,14293397,False,19106,101232.849,19.34154820740528,-0.00187,0
1665268973,14293398,False,30796,101277.873,31.18953386688194,-0.00143,0
1665269039,14293399,True,1610000,101313.94,1631.154433999839,-0.00107,2
1665269039,14293400,True,8260314,101313.94,8368.8495697716,-0.00107,2
1665269092,14293401,False,162000,101322.19,164.1419477999838,-0.000989,2
1665269115,14293402,True,4934,101322.19,4.9992368546,-0.000989,0
1665269141,14293403,True,49347,101322.19,49.9994610993,-0.000989,0
1665269153,14293404,False,30014,101322.19,30.410842106597002,-0.000989,0
1665269268,14293405,True,986918,101325.44,999.9990059392001,-0.000956,2
1665269387,14293406,True,29606,101328.87,29.9994252522,-0.000923,0
1665269388,14293407,True,986885,101328.87,999.9994186995,-0.000923,2
1665269400,14293408,True,314480,101328.87,318.659030376,-0.000923,2
1665269536,14293409,True,329615,101330.33,333.9999672295,-0.000908,2
1665269577,14293410,True,49344,101328.87,49.999717612800005,-0.000923,0
1665269649,14293411,True,74010,101336.36,74.99904003600001,-0.000849,0
1665269668,14293412,True,551944,101336.36,559.3199588384,-0.000849,2
1665269845,14293413,True,986783,101339.23,999.9993073631999,-0.000821,2
1665269881,14293414,False,1870000,101339.218,1895.043375665187,-0.000821,2
1665269881,14293415,False,3359960,101339.218,3404.9571874328203,-0.000821,2
1665269911,14293416,True,5218038,101339.23,5287.919530307399,-0.000821,2
1665269918,14293417,True,98661,101356.94,99.9997705734,-0.000646,0
1665270269,14293418,False,24669,101422.491,25.019914308857917,4e-07,0
1665270269,14293419,True,22970,101523.57,23.319964029,0.000997,0
1665270427,14293420,False,489543,101499.72,496.8847731536511,0.000762,2
1665270454,14293421,True,24612,101574.77,24.999582392397542,0.0015,0
1665270490,14293422,True,295316,101585.87,299.99932821096206,0.00161,2
1665270579,14293423,False,318229,101569.651,323.2240854080069,0.00145,2
1665270587,14293424,True,29533,101578.37,29.9991400121,0.00154,0
1665270638,14293425,True,9844,101578.37,9.999374742799015,0.00154,0
1665270725,14293426,False,370160,101590.701,376.0481376330533,0.00166,2
1665270808,14293427,True,49191,101643.37,49.9993901367,0.00218,0
1665270825,14293428,True,24595,101643.37,24.999186851497537,0.00218,0
1665270859,14293429,True,268738,101643.37,273.1543596706,0.00218,2
1665271199,14293430,True,1181,101573.28,1.1995804368,0.00149,0
1665271219,14293431,True,5764330,101573.28,5855.019051024,0.00149,2
1665271414,14293432,False,571246,101508.517,579.8633407239258,0.000849,2
1665271484,14293433,True,492515,101519.47,499.99963286519994,0.000957,2
1665271577,14293434,False,10000,101526.59,10.152658999999,0.00103,0
1665271607,14293435,True,1624333,101526.59,1649.1299051447,0.00103,2
1665271631,14293436,True,78797,101526.6,79.99991500200001,0.00103,0
1665271640,14293437,False,5360,101526.6,5.441825759999464,0.00103,0
1665271668,14293438,True,984,101526.6,0.9990217440000001,0.00103,0
1665271707,14293439,False,1560000,101526.6,1583.8149599998437,0.00103,2
1665272076,14293440,True,68843,101679.97,69.9995417471,0.00254,0
1665272097,14293441,True,3440,101734.6,3.499670239999656,0.00308,0
1665272119,14293442,False,818999,101598.505,832.0917568831685,0.00174,2
1665272119,14293443,False,3181000,101598.18,3231.8381030913783,0.00173,2
1665272175,14293444,True,19658,101737.95,19.999646210998034,0.00311,0
1665272191,14293445,True,98291,101737.95,99.99924843449017,0.00311,0
1665272247,14293446,True,1590000,101733.194,1617.557791865823,0.00306,2
1665272247,14293447,True,544000,101733.194,553.4285778459712,0.00306,2
1665272247,14293448,True,7695278,101737.95,7829.018084001,0.00311,2
1665272257,14293449,True,43254,101723.11,43.999313999399995,0.00296,0
1665272269,14293450,True,491530,101723.11,499.999602583,0.00296,2
1665272419,14293451,True,18706,101728.92,19.0294117752,0.00302,0
1665272521,14293452,True,731148,101757.743,743.9997004207205,0.00331,2
1665272593,14293453,True,4375,101710.98,4.449855374999999,0.00284,0
1665272640,14293454,True,49158,101710.98,49.9990835484,0.00284,0
1665272690,14293455,True,20000,101710.98,20.342196,0.00284,0
1665273039,14293456,False,29660,101682.43,30.159008737999997,0.00256,0
1665273039,14293457,False,110958,101682.43,112.8258074926041,0.00256,2
1665273071,14293458,True,2232,101628.68,2.2683521376,0.00203,0
1665273530,14293459,True,9839,101630.68,9.999442605199999,0.00205,0
1665273635,14293460,True,985850,101633.92,1001.9590166591998,0.00209,2
1665273909,14293461,True,4916,101701.05,4.999623618,0.00275,0
1665273910,14293462,True,49162,101701.05,49.9992872115,0.00275,0
1665274006,14293463,True,1141580,101716.75,1161.17807465,0.0029,2
1665274031,14293464,True,6862,101712.735,6.9795279068514215,0.00286,0
1665274032,14293465,True,9605,101712.735,9.769508240353819,0.00286,0
1665274400,14293466,True,24562,101781.8,24.999645716,0.00354,0
1665274475,14293467,False,1170,101741.134,1.190371265694,0.00314,0
1665274490,14293468,True,982571,101773.79,999.9997461408999,0.00346,2
1665274586,14293469,True,563691,101773.79,573.6896945889,0.00346,2
1665274589,14293470,False,141390,101742.69,143.85398898413612,0.00316,2
1665274644,14293471,True,589486,101783.48,599.9993649127999,0.00356,2
1665274653,14293472,True,1267,101783.48,1.2895966916000001,0.00356,0
1665274803,14293473,True,17619,101762.86,17.929598303400002,0.00336,0
1665274994,14293474,False,56229,101656.065,57.161205445091,0.0023,0
1665275002,14293475,True,3461,101656.08,3.5193334895999997,0.0023,0
1665275072,14293476,True,38612,101649.989,39.24909356249273,0.00224,0
1665275079,14293477,True,98379,101647.334,99.99963079537974,0.00222,0
1665275182,14293478,True,4523,101656.06,4.5979035938,0.0023,0
1665275182,14293479,True,978196,101758.802,995.4015486667921,0.00332,2
1665275230,14293480,True,100000,101617.42,101.61742,0.00192,2
1665275244,14293481,True,57972,101617.42,58.9096507224,0.00192,0
1665275286,14293482,True,6239,101617.42,6.3399108338,0.00192,0
1665275431,14293483,False,10000,101617.411,10.161741087000001,0.00192,0
1665275475,14293484,False,16635,101617.411,16.9040562982245,0.00192,0
1665275496,14293485,True,147612,101617.42,149.9995060104,0.00192,2
1665275572,14293486,True,9762,101617.42,9.9198925404,0.00192,0
1665275652,14293487,True,984,101617.42,0.9999154128000001,0.00192,0
1665275681,14293488,True,622915,101631.81,633.0797892615,0.00206,2
1665275717,14293489,True,983,101631.81,0.9990406923,0.00206,0
1665275739,14293490,True,983,101631.81,0.9990406923,0.00206,0
1665275746,14293491,True,1281675,101631.81,1302.5895008175,0.00206,2
1665275769,14293492,True,984,101613.67,0.9998785128000001,0.00189,0
1665275783,14293493,True,98411,101613.67,99.9990287837,0.00189,0
1665275784,14293494,False,5590,101613.66,5.680203606298,0.00189,0
1665275790,14293495,True,984,101613.67,0.9998785128000001,0.00189,0
1665275841,14293496,True,5358964,101613.67,5445.4399943788,0.00189,2
1665275892,14293497,True,984,101613.67,0.9998785128000001,0.00189,0
1665275914,14293498,True,18698,101613.67,18.9997240166,0.00189,0
1665275932,14293499,True,639150,101697.43,649.9991260018116,0.00271,2
1665275951,14293500,True,3936,101585.74,3.9994305838,0.00161,0
1665275960,14293501,True,492194,101585.74,499.99993299299996,0.00161,2
1665276026,14293502,True,83565,101716.535,84.9994227497429,0.0029,0
1665276096,14293503,True,51196,101588.67,52.0093354932,0.00164,0
1665276371,14293504,True,309187,101540.39,313.9496856293,0.00116,2
1665276400,14293505,True,295448,101540.39,299.99905144720003,0.00116,2
1665276410,14293506,False,438000,101534.104,444.7193767454364,0.0011,2
1665276410,14293507,False,712000,101532.292,722.9099206064,0.00108,2
1665276454,14293508,True,7317,101544.07,7.429979601900001,0.0012,0
1665276505,14293509,False,41699,101544.07,42.34286174929583,0.0012,0
1665276515,14293510,True,9847,101544.07,9.9990445729,0.0012,0
1665276650,14293511,True,50716,101544.07,51.499090541200005,0.0012,0
1665276797,14293512,False,18939,101529.87,19.2287420774061,0.00106,0
1665276837,14293513,True,1224605,101529.87,1243.3398645134998,0.00106,2
1665276880,14293514,True,98471,101550.81,99.99911362319999,0.00127,0
1665277089,14293515,True,13221,101575.36,13.4292783456,0.00151,0
1665277409,14293516,True,4824,101575.36,4.8999953664,0.00151,0
1665277453,14293517,False,298538,101560.017,303.1952429203805,0.00136,2
1665277787,14293518,True,98449,101575.36,99.9999261664,0.00151,0
1665277942,14293519,True,136727,101575.36,138.88094246720001,0.00151,2
1665277942,14293520,True,99412,101716.623,101.1185293385562,0.0029,2
1665277979,14293521,True,984,101581.95,0.9995663880000001,0.00157,0
1665278100,14293522,True,49213,101599.02,49.9999257126,0.00174,0
1665278103,14293523,True,609326,101599.02,619.0692446052,0.00174,2
1665278431,14293524,False,234487,101618.16,238.28137483917658,0.00193,2
1665278467,14293525,True,49155,101717.944,49.99945549774402,0.00291,0
1665278529,14293526,True,1000,101628.72,1.0162872,0.00203,0
1665278554,14293527,True,98397,101628.72,99.99961161840001,0.00203,0
1665278589,14293528,True,1000,101633.22,1.0163322000000001,0.00208,0
1665278737,14293529,True,4181,101637.84,4.2494780904,0.00212,0
1665278744,14293530,True,1000,101637.84,1.0163784,0.00212,0
1665278749,14293531,True,1196088,101637.84,1215.6780076992,0.00212,2
1665278775,14293532,True,1000,101637.85,1.0163785,0.00212,0
1665278781,14293533,True,1000,101637.85,1.0163785,0.00212,0
1665278824,14293534,True,1000,101637.85,1.0163785,0.00212,0
1665278870,14293535,False,4037,101637.85,4.1031200040963,0.00212,0
1665278871,14293536,True,50000,101637.85,50.81892500000001,0.00212,0
1665278950,14293537,False,36329,101670.018,36.935700982828536,0.00244,0
1665279028,14293538,False,45786,101685.228,46.5575985287088,0.00259,0
1665279060,14293539,False,9500,101686.19,9.6601880529773,0.0026,0
1665279116,14293540,False,2230,101686.19,2.267602038784,0.0026,0
1665279176,14293541,True,49170,101687.49,49.999738833,0.00261,0
1665279261,14293542,True,49170,101686.2,49.99910454,0.0026,0
1665279508,14293543,False,2881,101666.0,2.92899746,0.0024,0
1665279522,14293544,False,1000,101649.99,1.0164999000000001,0.00224,0
1665279522,14293545,False,1000,101639.99,1.0163999000000001,0.00214,0
1665279522,14293546,False,1000,101637.84,1.0163784,0.00212,0
1665279522,14293547,False,1000,101629.99,1.0162999000000001,0.00205,0
1665279522,14293548,False,1000,101619.99,1.0161999000000002,0.00195,0
1665279522,14293549,False,216098,101619.99,219.5997821901,0.00195,2
1665279522,14293550,False,1000,101609.99,1.0160999000000002,0.00185,0
1665279522,14293551,False,1000,101599.99,1.0159999000000002,0.00175,0
1665279522,14293552,False,140146,101537.514,142.3007648469364,0.00113,2
1665279711,14293553,True,6794,101553.01,6.8995114994,0.00129,0
1665279769,14293554,True,2954,101553.01,2.9998759153999996,0.00129,0
1665279862,14293555,False,81478,101553.002,82.7433548962298,0.00129,0
1665279887,14293556,True,122359,101553.01,124.2592475059,0.00129,2
1665279926,14293557,False,121503,101553.002,123.3899439107073,0.00129,2
1665279941,14293558,True,6183,101553.01,6.279022608299999,0.00129,0
1665279942,14293559,True,50000,101553.01,50.776505,0.00129,0
1665280021,14293560,True,72868,101553.01,73.9996473268,0.00129,0
1665280665,14293561,False,200052,101554.26,203.1613281951948,0.0013,2
1665280750,14293562,False,405000,101559.808,411.31722279187795,0.00135,2
1665280750,14293563,False,87350,101558.05,88.71095629578744,0.00134,0
1665280919,14293564,True,26355,101649.15,26.789633482499998,0.00224,0
1665280944,14293565,False,11950,101594.074,12.140491871534211,0.00169,0
1665280953,14293566,False,62128298,101596.403,63120.11629891112,0.00172,1
1665280953,14293567,False,411000,101596.403,417.5612180511858,0.00172,2
1665280953,14293568,False,796000,101520.59,808.1038961027737,0.000968,2
1665280953,14293569,False,5750000,101519.317,5837.360704575325,0.000955,2
1665280953,14293570,False,1726000,101519.317,1752.2234045384382,0.000955,2
1665280953,14293571,False,823000,101518.904,835.5005769270781,0.000951,2
1665280953,14293572,False,1745000,101518.89,1771.504636631232,0.000951,2
1665280953,14293573,False,1386000,101518.602,1407.047817386673,0.000948,2
1665280953,14293574,False,1386000,101517.525,1407.0329027630569,0.000937,2
1665280953,14293575,False,966000,101517.507,980.6591158661304,0.000937,2
1665280953,14293576,False,1401000,101517.388,1422.2586063039425,0.000936,2
1665280953,14293577,False,997999,101517.064,1013.140301456915,0.000933,2
1665280953,14293578,False,805000,101516.971,817.2116174116719,0.000932,2
1665280953,14293579,False,788177,101500.0,799.999655,0.000765,2
1665280953,14293580,False,1000,101499.99,1.0149999,0.000765,0
1665280953,14293581,False,18732,101426.0,18.999118319999997,3.5e-05,0
1665280953,14293582,False,9832503,101403.219,9970.474540227668,-0.00019,2
1665281258,14293583,True,29510,101660.407,29.999986063863673,0.00235,0
1665281366,14293584,True,608000,101617.653,617.8353302023648,0.00192,2
1665281366,14293585,True,363264,101618.694,369.14413348624123,0.00193,2
1665281676,14293586,True,18920,101581.8,19.219276541643815,0.00157,0
1665281699,14293587,True,99915,101576.027,101.48968765681201,0.00151,2
1665281723,14293588,True,49226,101571.002,49.99934137846363,0.00146,0
1665281853,14293589,True,9753,101605.124,9.909547775190005,0.0018,0
1665281907,14293590,True,180342,101556.973,183.14987602068157,0.00133,2
1665282452,14293591,True,24620,101541.824,24.999597053737485,0.00118,0
1665282902,14293592,True,98479,101544.175,99.99968857774424,0.0012,0
1665282955,14293593,True,98475,101548.115,99.99950662700358,0.00124,0
1665282974,14293594,True,137865,101540.41,139.98868620438225,0.00116,2
1665283055,14293595,True,1860,101565.962,1.8891268954320002,0.00141,0
1665283089,14293596,False,44170,101484.46,44.825685959915,0.000611,0
1665283222,14293597,True,9240,101620.6,9.389743437032111,0.00195,0
1665283235,14293598,True,36647,101617.811,37.23987937281907,0.00193,0
1665283390,14293599,False,24601990,101533.185,24979.183951495932,0.00109,1
1665283421,14293600,True,195842,101547.208,198.8720840296978,0.00123,2
1665283479,14293601,False,2350,101457.103,2.38424191815,0.000342,0
1665283528,14293602,True,1359,101524.298,1.3797152111821256,0.001,0
1665283543,14293603,True,1950000,101520.527,1979.6502824124,0.000967,2
1665283543,14293604,True,1398445,101523.418,1419.7491593865714,0.000996,2
1665283707,14293605,True,109781,101473.9,111.39906194949394,0.000507,2
1665283890,14293606,True,38273,101472.615,38.8366140040141,0.000495,0
1665283890,14293607,True,109549,101472.615,111.16324993266974,0.000495,2
1665283977,14293608,True,9008,101473.89,9.1407680112,0.000507,0
1665284472,14293609,True,9853,101484.308,9.999248865360046,0.00061,0
1665284593,14293610,True,72244,101483.0,73.31537852,0.000597,0
1665284593,14293611,True,420400,101494.719,426.6837984898049,0.000713,2
1665284737,14293612,True,73891,101499.49,74.9989881558926,0.00076,0
1665284874,14293613,False,6800,101473.532,6.9002001488,0.000504,0
1665284908,14293614,True,985,101486.323,0.9996402839489675,0.00063,0
1665284946,14293615,True,53799,101486.538,54.59975763215474,0.000632,0
1665285115,14293616,False,1366259,101442.738,1385.9705316232546,0.0002,2
1665285263,14293617,True,598000,101485.266,606.8818882875814,0.000619,2
1665285263,14293618,True,387653,101487.055,393.4176140828652,0.000637,2
1665285433,14293619,False,97353,101415.447,98.73097976744894,-6.91e-05,0
1665285445,14293620,True,581000,101488.945,589.6507693644015,0.000656,2
1665285445,14293621,True,443741,101489.152,450.3489779754769,0.000658,2
1665285560,14293622,True,113314,101487.576,114.99963164622727,0.000642,2
1665285726,14293623,True,4334,101500.0,4.3990100000000005,0.000765,0
1665285760,14293624,True,29990,101500.0,30.439850000000003,0.000765,0
1665285940,14293625,False,5654,101500.0,5.7388099994346,0.000765,0
1665285954,14293626,True,157404,101500.0,159.76506,0.000765,2
1665285976,14293627,True,5612,101558.918,5.699486504739554,0.00135,0
1665286064,14293628,False,5573,101507.27,5.6570001359226,0.000836,0
1665286325,14293629,True,26324,101500.0,26.71987500000263,0.000765,0
1665286448,14293630,False,42596,101500.0,43.23494,0.000765,0
1665286448,14293631,False,50000,101483.0,50.7415,0.000597,0
1665286448,14293632,False,158933,101410.38,161.17455924541588,-0.000119,2
1665286538,14293633,True,200000,101422.322,202.84464402304,-1.27e-06,2
1665286575,14293634,True,279418,101410.38,283.35885558842796,-0.000119,2
1665286606,14293635,True,10260706,101413.87,10405.779043922199,-8.46e-05,2
1665286625,14293636,True,100000,101410.38,101.41038000001001,-0.000119,2
1665286662,14293637,True,394404,101418.76,399.99964619040003,-3.64e-05,2
1665286711,14293638,True,100000,101410.38,101.41038000001001,-0.000119,2
1665286762,14293639,True,100000,101410.38,101.41038000001001,-0.000119,2
1665286904,14293640,True,14532,101424.542,14.73901447943431,2.06e-05,0
1665286993,14293641,True,50000,101425.863,50.712931683635,3.36e-05,0
1665287057,14293642,True,2120000,101433.329,2150.38658326198,0.000107,2
1665287057,14293643,True,591000,101433.329,599.4709767490356,0.000107,2
1665287057,14293644,True,2454000,101437.824,2489.284204168605,0.000152,2
1665287057,14293645,True,59994,101438.921,60.85726626548992,0.000162,0
1665287253,14293646,True,4683,101410.38,4.749048095400468,-0.000119,0
1665287325,14293647,True,986,101410.39,0.9999064454000001,-0.000119,0
1665287353,14293648,True,493046,101410.39,499.99987147940004,-0.000119,2
1665287398,14293649,True,986,101410.38,0.9999063468000987,-0.000119,0
1665287416,14293650,True,9860,101410.38,9.999063468000985,-0.000119,0
1665287423,14293651,True,986,101410.39,0.9999064454000001,-0.000119,0
1665287442,14293652,True,986,101410.38,0.9999063468000987,-0.000119,0
1665287465,14293653,True,986,101410.38,0.9999063468000987,-0.000119,0
1665287500,14293654,False,72830,101410.38,73.857179754,-0.000119,0
1665287646,14293655,True,9860922,101410.39,9999.9994577958,-0.000119,2
1665287650,14293656,True,98609,101410.39,99.9997714751,-0.000119,0
1665287666,14293657,True,32047,101410.39,32.4989876833,-0.000119,0
1665287738,14293658,True,4930,101410.39,4.9995322269999996,-0.000119,0
1665287818,14293659,True,24652,101410.39,24.9996893428,-0.000119,0
1665287884,14293660,True,492832,101454.28,499.9991572096,0.000314,2
1665288154,14293661,False,36000,101454.29,36.5235444,0.000314,0
1665288307,14293662,True,118246,101481.64,119.99899485079999,0.000584,2
1665288372,14293663,True,29542,101548.694,29.999515035353454,0.00124,0
1665288854,14293664,True,985,101435.212,0.9991368403143026,0.000126,0
1665288978,14293665,True,44873,101441.304,45.51975640928201,0.000186,0
1665288986,14293666,True,49291,101436.761,49.99919369904012,0.000141,0
1665289363,14293667,True,49301,101416.47,49.9993338747,-5.9e-05,0
1665289380,14293668,True,22000,101410.38,22.3102836000022,-0.000119,0
1665289443,14293669,True,21565,101410.38,21.869148447002157,-0.000119,0
1665289601,14293670,True,986,101410.38,0.9999063468000987,-0.000119,0
1665289714,14293671,True,986086,101410.38,999.9935597268988,-0.000119,2
1665290218,14293672,False,25044,101410.38,25.3972155672,-0.000119,0
1665290274,14293673,True,24866,101423.515,25.21997125932283,1.05e-05,0
1665290290,14293674,True,203384,101418.377,206.26976575472506,-4.02e-05,2
1665291403,14293675,True,1477,101509.852,1.499300518352249,0.000862,0
1665291755,14293676,True,549000,101624.717,557.9196985753002,0.00199,2
1665291755,14293677,True,1052000,101624.866,1069.0935924838589,0.002,2
1665291755,14293678,True,1304000,101625.246,1325.193213761855,0.002,2
1665291755,14293679,True,47028,101625.702,47.79253520942518,0.002,0
1665292552,14293680,True,98403,101622.537,99.99962459784174,0.00197,0
1665292730,14293681,True,492048,101617.822,500.00947894186163,0.00193,2
1665292750,14293682,True,30508,101610.861,30.99944145214,0.00186,0
1665292887,14293683,False,983798,101490.552,998.4620219455174,0.000671,2
1665293038,14293684,False,4120,101514.308,4.182389478679116,0.000906,0
1665293072,14293685,False,558470,101527.889,567.002802926934,0.00104,2
1665293460,14293686,True,4919,101628.0,4.99908132,0.00203,0
1665293853,14293687,False,26130,101609.986,26.550689358282803,0.00185,0
1665293882,14293688,True,19673,101662.0,19.99996526,0.00236,0
1665294040,14293689,True,35759,101707.436,36.36956198296606,0.00281,0
1665294305,14293690,True,15734,101687.354,15.999488259922899,0.00261,0
1665294404,14293691,True,6480,101689.26,6.589464048,0.00263,0
1665295123,14293692,True,147469,101716.211,149.999879026078,0.0029,2
1665295156,14293693,True,29493,101718.0,29.99968974,0.00291,0
1665295182,14293694,False,760546,101645.522,773.0609544302081,0.0022,2
1665295281,14293695,True,63648,101729.94,64.7490722112,0.00303,0
1665295356,14293696,True,29469,101798.8,29.999088372000003,0.00371,0
1665295367,14293697,False,31604,101703.966,32.14252148858388,0.00278,0
1665295395,14293698,True,981,101795.015,0.9996270431562545,0.00367,0
1665296062,14293699,True,61199,101782.247,62.28971734484086,0.00355,0
1665297904,14293700,True,49170,101686.271,49.999139339310275,0.0026,0
1665298460,14293701,False,37677,101610.331,38.283724374764134,0.00185,0
1665298512,14293702,False,3740,101610.436,3.8002302903206178,0.00185,0
1665299377,14293703,True,9834,101686.271,9.999827867862056,0.0026,0
1665299522,14293704,True,295025,101686.271,299.9999203494004,0.0026,2
1665301225,14293705,True,46958,101686.271,47.74983902980134,0.0026,0
1665301322,14293706,True,29502,101686.271,29.999483603586167,0.0026,0
1665301339,14293707,True,983,101686.271,0.9995760417031119,0.0026,0
1665301369,14293708,True,983,101686.271,0.9995760417031119,0.0026,0
1665301483,14293709,True,983,101686.271,0.9995760417031119,0.0026,0
1665302255,14293710,True,983,101686.271,0.9995760417031119,0.0026,0
1665302276,14293711,True,983,101686.271,0.9995760417031119,0.0026,0
1665302295,14293712,True,983,101686.271,0.9995760417031119,0.0026,0
1665302320,14293713,True,983,101686.271,0.9995760417031119,0.0026,0
1665302350,14293714,True,983,101686.271,0.9995760417031119,0.0026,0
1665302373,14293715,True,983,101686.271,0.9995760417031119,0.0026,0
1665302390,14293716,True,983,101686.271,0.9995760417031119,0.0026,0
1665302412,14293717,True,983,101686.271,0.9995760417031119,0.0026,0
1665302448,14293718,True,3933,101686.271,3.9993210295201815,0.0026,0
1665302843,14293719,True,49170,101686.271,49.999139339310275,0.0026,0
1665302874,14293720,True,49170,101686.271,49.999139339310275,0.0026,0
1665302974,14293721,True,98000,101686.271,99.65254535799079,0.0026,0
1665303334,14293722,True,1109425,101686.271,1128.1329095284586,0.0026,2
1665303334,14293723,True,1301000,101687.16,1322.9499568877845,0.00261,2
1665303334,14293724,True,55274,101687.392,56.20668903638679,0.00261,0
1665303618,14293725,True,131776,101687.392,133.9995776397385,0.00261,2
1665303638,14293726,True,983,101687.392,0.9995870630453417,0.00261,0
1665303679,14293727,True,983,101687.392,0.9995870630453417,0.00261,0
1665304286,14293728,True,9836,101658.192,9.9990997415136,0.00232,0
1665304423,14293729,True,49202,101618.821,49.9995085704345,0.00194,0
1665305349,14293730,False,985,101610.436,1.0008627896750002,0.00185,0
1665305349,14293731,False,11805,101610.43,11.995111261499998,0.00185,0
1665305567,14293732,True,17711,101630.489,17.999775958118246,0.00205,0
1665306201,14293733,False,68230,101610.43,69.328796389,0.00185,0
1665306422,14293734,False,198590,101610.44,201.78817279600003,0.00185,2
1665306866,14293735,True,983956,101630.489,999.9992971964429,0.00205,2
1665306944,14293736,True,49197,101630.489,49.99915181590782,0.00205,0
1665306964,14293737,True,4919,101630.489,4.999203768165754,0.00205,0
1665307152,14293738,True,1000,101630.489,1.0163048928981,0.00205,0
1665307181,14293739,True,309257,101630.489,314.2994022629877,0.00205,2
1665307516,14293740,True,1092,101630.489,1.1098049430447252,0.00205,0
1665307598,14293741,True,1000,101630.489,1.0163048928981,0.00205,0
1665307622,14293742,False,1000,101630.48,1.0163048000000001,0.00205,0
1665307622,14293743,False,1000,101630.44,1.0163044,0.00205,0
1665307622,14293744,False,1000,101630.43,1.0163043,0.00205,0
1665307622,14293745,False,1000,101630.42,1.0163042,0.00205,0
1665307622,14293746,False,496000,101614.304,504.0069481424112,0.00189,2
1665307707,14293747,False,9384,101614.304,9.535486293081425,0.00189,0
1665307749,14293748,True,641868,101630.489,652.3335889947176,0.00205,2
1665307749,14293749,True,167,101633.856,0.16972854029816992,0.00208,0
1665307867,14293750,True,642035,101633.856,652.5249303612906,0.00208,2
1665307908,14293751,True,1210,101633.856,1.229769663238237,0.00208,0
1665307938,14293752,True,393569,101633.856,399.9993525545535,0.00208,2
1665308093,14293753,True,1000,101633.856,1.0163385646597,0.00208,0
1665308120,14293754,True,1000,101633.856,1.0163385646597,0.00208,0
1665308275,14293755,True,84000,101633.856,85.3724394314148,0.00208,0
1665308398,14293756,True,1018561,101633.856,1035.2028247583487,0.00208,2
1665308402,14293757,True,1000,101633.856,1.0163385646597,0.00208,0
1665308477,14293758,True,13223,101633.856,13.439044840495214,0.00208,0
1665308548,14293759,True,264235,101633.856,268.55222063285584,0.00208,2
1665308548,14293760,True,784072,101634.856,796.8904461511282,0.00209,2
1665308680,14293761,True,1297019,101634.856,1318.2233896587177,0.00209,2
1665308796,14293762,True,258909,101634.856,263.14178866550833,0.00209,2
1665308796,14293763,True,1038110,101637.34,1055.1073893357564,0.00212,2
1665308920,14293764,True,1297019,101637.34,1318.2556097223542,0.00212,2
1665309040,14293765,True,94871,101637.34,96.42436074565559,0.00212,0
1665309040,14293766,True,1136000,101649.482,1154.73811386712,0.00224,2
1665309040,14293767,True,66148,101649.818,67.23932176153681,0.00224,0
1665309176,14293768,True,1170852,101649.818,1190.1689297203075,0.00224,2
1665309176,14293769,True,126166,101650.325,128.24916582793787,0.00225,2
1665309298,14293770,True,820833,101650.325,834.3794140626609,0.00225,2
1665309298,14293771,True,476185,101650.476,484.0453373140109,0.00225,2
1665309361,14293772,True,933758,101650.476,949.1694549601547,0.00225,2
1665309425,14293773,True,256056,101650.476,260.28214372383144,0.00225,2
1665309425,14293774,True,1040963,101651.517,1058.1546825601977,0.00226,2
1665309468,14293775,True,84000,101651.517,85.387274413266,0.00226,0
1665309505,14293776,True,927037,101651.517,942.3471751220342,0.00226,2
1665309505,14293777,True,253466,101651.598,257.65223836222117,0.00226,2
1665309583,14293778,True,219534,101651.598,223.15981826600748,0.00226,2
1665309583,14293779,True,1077485,101652.351,1095.2888318043613,0.00227,2
1665309625,14293780,True,98374,101652.351,99.99948355654347,0.00227,0
1665309734,14293781,True,78699,101652.351,79.9993835405332,0.00227,0
1665309747,14293782,True,411442,101652.351,418.2404650971939,0.00227,2
1665309747,14293783,True,885577,101652.721,900.2131189984395,0.00227,2
1665309874,14293784,True,1297019,101652.721,1318.4551082404319,0.00227,2
1665310002,14293785,True,32463,101652.721,32.9995228896486,0.00227,0
1665310003,14293786,True,1297019,101652.721,1318.4551082404319,0.00227,2
1665310121,14293787,True,1297019,101652.721,1318.4551082404319,0.00227,2
1665310245,14293788,True,196748,101652.721,199.99969594592562,0.00227,2
1665310245,14293789,True,1297019,101652.721,1318.4551082404319,0.00227,2
1665310287,14293790,True,1475612,101652.721,1499.9997526488664,0.00227,2
1665310363,14293791,True,1297019,101652.721,1318.4551082404319,0.00227,2
1665310482,14293792,True,1297019,101652.721,1318.4551082404319,0.00227,2
1665310618,14293793,True,1297019,101652.721,1318.4551082404319,0.00227,2
1665310752,14293794,True,1297019,101652.721,1318.4551082404319,0.00227,2
1665310819,14293795,True,50199,101652.721,51.02966605244,0.00227,0
1665310903,14293796,True,1297019,101652.721,1318.4551082404319,0.00227,2
1665311042,14293797,True,1297019,101652.721,1318.4551082404319,0.00227,2
1665311162,14293798,True,1297019,101652.721,1318.4551082404319,0.00227,2
1665311202,14293799,True,49187,101652.721,49.999923986481406,0.00227,0
1665311292,14293800,True,1297019,101652.721,1318.4551082404319,0.00227,2
1665311327,14293801,True,68379,101652.721,69.5091142430238,0.00227,0
1665311371,14293802,True,12056429,101652.721,12255.688160457235,0.00227,2
1665311371,14293803,True,1031000,101652.987,1048.042295610387,0.00227,2
1665311411,14293804,True,1297019,101661.33,1318.5667657527,0.00236,2
1665311599,14293805,True,1297019,101661.33,1318.5667657527,0.00236,2
1665311719,14293806,True,24591,101661.33,24.9995376603,0.00236,0
1665311729,14293807,True,1297019,101661.33,1318.5667657527,0.00236,2
1665311831,14293808,False,80634,101653.0,81.96688002,0.00227,0
1665311871,14293809,True,1297019,101661.33,1318.5667657527,0.00236,2
1665311892,14293810,True,1967315,101661.33,1999.9996109028,0.00236,2
1665311993,14293811,True,1297019,101661.33,1318.5667657527,0.00236,2
1665312113,14293812,True,1297019,101661.33,1318.5667657527,0.00236,2
1665312129,14293813,True,984000,101661.33,1000.3474872,0.00236,2
1665312130,14293814,True,984999,101661.33,1001.3641005,0.00236,2
1665312183,14293815,True,3669034,101661.33,3729.9897791655,0.00236,2
1665312229,14293816,True,9587944,101661.33,9747.2313900552,0.00236,2
1665312229,14293817,True,25000000,101662.69,25415.6725,0.00237,1
1665312229,14293818,True,25000000,101662.96,25415.74,0.00237,1
1665312229,14293819,True,14185055,101664.27,14421.133631491199,0.00238,2
1665312313,14293820,True,8869000,101664.27,9016.604106300001,0.00238,2
1665312515,14293821,True,1297019,101664.27,1318.6048981113,0.00238,2
1665312612,14293822,True,8311,101664.27,8.4493174797,0.00238,0
1665312917,14293823,True,640614,101664.27,651.2755466178,0.00238,2
1665312917,14293824,True,323075,101672.18,328.47739553499997,0.00246,2
1665313177,14293825,True,35374,101672.18,35.9655169532,0.00246,0
1665313302,14293826,True,292892,101672.18,297.78968144559997,0.00246,2
1665313460,14293827,True,98354,101672.18,99.99967263899998,0.00246,0
1665313631,14293828,True,9835,101672.18,9.999458903,0.00246,0
1665313833,14293829,True,4470000,101711.774,4546.516305527289,0.00285,2
1665313833,14293830,True,1569999,101712.152,1596.880792405878,0.00286,2
1665313833,14293831,True,1820000,101712.152,1851.1611733624102,0.00286,2
1665313833,14293832,True,1600000,101712.152,1627.39443812096,0.00286,2
1665313833,14293833,True,376000,101712.152,382.4376929584632,0.00286,2
1665313839,14293834,True,1994000,101712.152,2028.1403185084457,0.00286,2
1665313868,14293835,True,49000,102137.128,50.047192945850796,0.00705,0
1665314056,14293836,True,867966,102249.282,887.4890023097472,0.00815,2
1665314201,14293837,False,195599,102109.269,199.72573078416934,0.00677,2
1665314277,14293838,False,17800,102152.725,18.18318504467424,0.0072,0
1665314278,14293839,True,13664,102455.894,13.99957336346204,0.0102,0
1665314315,14293840,False,1142256,102171.024,1167.0546553282081,0.00738,2
1665314320,14293841,True,97590,102468.92,99.999419028,0.0103,0
1665314344,14293842,True,38402,102442.339,39.33990695544209,0.0101,0
1665314367,14293843,True,428000,102429.698,438.3991074464628,0.00993,2
1665314367,14293844,True,419000,102431.148,429.1865114107714,0.00995,2
1665314367,14293845,True,9012150,102444.082,9232.414302618045,0.0101,2
1665314394,14293846,True,39383,102444.082,40.345552668342904,0.0101,0
1665314415,14293847,True,165363,102444.082,169.4046067058169,0.0101,2
1665314438,14293848,True,41446,102435.984,42.455618048095666,0.00999,0
1665314478,14293849,True,67199,102434.597,68.83502500602751,0.00998,0
1665314489,14293850,False,1328750,102301.522,1359.33147437225,0.00867,2
1665314527,14293851,False,384460,102316.874,393.3674525708889,0.00882,2
1665314927,14293852,False,100000,102291.508,102.29150821721,0.00857,2
1665315365,14293853,True,97755,102296.049,99.9995023382565,0.00861,0
1665315380,14293854,True,97755,102296.049,99.9995023382565,0.00861,0
1665315473,14293855,False,100690,102183.586,102.88865259651342,0.0075,2
1665315616,14293856,True,110713,102290.854,113.2492733772321,0.00856,2
1665315901,14293857,True,97737,102314.38,99.99900520919941,0.00879,0
1665316045,14293858,True,23188,102333.008,23.728978004023602,0.00898,0
1665316125,14293859,True,403000,102317.504,412.3395392605983,0.00883,2
1665316125,14293860,True,421000,102318.934,430.76271359346043,0.00884,2
1665316125,14293861,True,1021000,102326.893,1044.757574978419,0.00892,2
1665316125,14293862,True,109589,102327.032,112.13917075548835,0.00892,2
1665316183,14293863,True,23025,102321.795,23.559593298750002,0.00887,0
1665316280,14293864,True,4750,102296.385,4.859078278440325,0.00862,0
1665316345,14293865,False,61750,102165.753,63.087352728674304,0.00733,0
1665316483,14293866,True,97825,102222.117,99.99980851302948,0.00788,0
1665316502,14293867,False,74800,102150.264,76.4083977254972,0.00718,0
1665316744,14293868,False,93730,102153.947,95.74889430982675,0.00721,0
1665316818,14293869,True,751785,102187.43,768.2297701744291,0.00754,2
1665316824,14293870,True,48929,102187.43,49.999287624699996,0.00754,0
1665316856,14293871,True,48930,102185.605,49.99941651058797,0.00752,0
1665316927,14293872,True,48930,102183.815,49.9995623317122,0.00751,0
1665316953,14293873,False,565000,102164.841,577.231351573838,0.00732,2
1665316953,14293874,False,531000,102163.711,542.4893071847082,0.00731,2
1665316953,14293875,False,108501,102160.287,110.8449334748621,0.00727,2
1665317172,14293876,True,186996,102194.566,191.0997505625616,0.00761,2
1665317389,14293877,True,48937,102171.423,49.99962942048739,0.00738,0
1665317479,14293878,True,55057,102166.45,56.2497826462793,0.00734,0
1665317512,14293879,True,19573,102178.409,19.999380009631604,0.00745,0
1665317574,14293880,True,684777,102223.0,699.99959271,0.00789,2
1665317700,14293881,True,52901,102207.853,54.06999827456495,0.00774,0
1665317882,14293882,True,90495,102226.0,92.5094187,0.00792,0
1665317888,14293883,True,97785,102265.0,99.99983024999999,0.00831,0
1665317906,14293884,True,195532,102285.0,199.9999062,0.0085,2
1665318121,14293885,True,7331,102295.007,7.499246927060427,0.0086,0
1665318142,14293886,True,48882,102286.051,49.99946753251857,0.00851,0
1665318245,14293887,True,1955,102297.247,1.9999111875436897,0.00863,0
1665318280,14293888,True,9775,102299.0,9.999727250000001,0.00864,0
1665318327,14293889,False,45500,102275.283,46.5352537233129,0.00841,0
1665318440,14293890,True,2442,102339.0,2.49911838,0.00904,0
1665318462,14293891,False,19640,102294.182,20.09057728837035,0.0086,0
1665318502,14293892,True,39073,102370.47,39.99921392457455,0.00935,0
1665318562,14293893,True,3058,102349.652,3.1298523507315066,0.00914,0
1665318589,14293894,True,396000,102344.289,405.2833851195756,0.00909,2
1665318589,14293895,True,336773,102358.744,344.7166127546173,0.00923,2
1665318766,14293896,False,197100,102323.165,201.67895888535682,0.00888,2
1665318858,14293897,True,1161,102470.968,1.1896879344165001,0.0103,0
1665318904,14293898,True,13527,102459.485,13.8596944791366,0.0102,0
1665318950,14293899,False,152700,102380.223,156.33460092765537,0.00944,2
1665319049,14293900,True,2049300,102474.0,2099.999682,0.0104,2
1665319210,14293901,False,4000,102350.543,4.094021700337601,0.00915,0
1665319255,14293902,True,9760,102454.265,9.999536254036016,0.0102,0
1665319338,14293903,False,1181990,102311.124,1209.3072581135698,0.00876,2
1665319356,14293904,True,7372,102412.746,7.549867622622249,0.00976,0
1665319421,14293905,True,392000,102380.37,401.33105052544,0.00944,2
1665319421,14293906,True,1561473,102382.091,1598.6687053020732,0.00946,2
1665319427,14293907,True,2158,102372.64,2.2092015712,0.00937,0
1665319434,14293908,False,1057134,102249.956,1080.9190542984657,0.00816,2
1665319445,14293909,True,18100,102370.914,18.529135480531483,0.00935,0
1665319504,14293910,False,27890,102276.782,28.52499441093967,0.00842,0
1665319565,14293911,True,5851,102371.173,5.98973731064098,0.00935,0
1665319752,14293912,False,12290,102308.32,12.57369255648945,0.00873,0
