timestamp,tid,bool_type,satoshi,price,volume,var_mean,bool_volume
1666115501,14316841,False,91210,102586.67,93.57,0.016,0
1666115516,14316842,True,9367,102586.68,9.61,0.016,0
1666115552,14316843,False,194960,102586.67,200.0,0.016,2
1666115615,14316844,False,68230,102586.67,69.99,0.016,0
1666115624,14316845,False,24049,102586.67,24.67,0.016,0
1666115640,14316846,False,101380,102588.322,104.0,0.016,2
1666115670,14316847,True,14621,102588.33,15.0,0.016,0
1666115724,14316848,False,146028,102588.322,149.81,0.016,2
1666115758,14316849,False,954203,102588.322,978.9,0.016,2
1666115758,14316850,True,2690,102588.33,2.76,0.016,0
1666115789,14316851,False,20000,102588.322,20.52,0.016,0
1666115792,14316852,True,53611,102588.33,55.0,0.016,0
1666115798,14316853,True,97476,102588.33,100.0,0.016,2
1666115807,14316854,False,1846000,102588.322,1893.78,0.016,2
1666115807,14316855,False,865829,102588.322,888.24,0.016,2
1666115808,14316856,False,43171,102588.322,44.29,0.016,0
1666115808,14316857,False,357829,102588.322,367.09,0.016,2
1666115830,14316858,False,51780,102588.322,53.12,0.016,0
1666115891,14316859,True,5507,102588.33,5.65,0.016,0
1666115916,14316860,True,11749,102723.688,12.07,0.018,0
1666115936,14316861,True,25000000,102591.49,25647.87,0.016,1
1666115936,14316862,True,16072267,102722.328,16509.81,0.018,2
1666116019,14316863,False,1700000,102595.439,1744.12,0.016,2
1666116019,14316864,False,1762000,102595.439,1807.73,0.016,2
1666116019,14316865,False,804000,102595.439,824.87,0.016,2
1666116019,14316866,False,1430000,102595.439,1467.11,0.016,2
1666116019,14316867,False,144990,102595.439,148.75,0.016,2
1666116029,14316868,False,5400,102595.439,5.54,0.016,0
1666116088,14316869,False,1697000,102595.439,1741.04,0.016,2
1666116088,14316870,False,891000,102595.439,914.13,0.016,2
1666116088,14316871,False,759000,102595.439,778.7,0.016,2
1666116088,14316872,False,767000,102595.439,786.91,0.016,2
1666116088,14316873,False,792000,102595.439,812.56,0.016,2
1666116088,14316874,False,1292000,102595.439,1325.53,0.016,2
1666116088,14316875,False,1292000,102595.439,1325.53,0.016,2
1666116088,14316876,False,901000,102595.439,924.38,0.016,2
1666116088,14316877,False,940000,102595.439,964.4,0.016,2
1666116088,14316878,False,21588230,102578.721,22144.93,0.016,1
1666116102,14316879,True,48735,102595.45,50.0,0.016,0
1666116186,14316880,False,974,102544.162,1.0,0.016,0
1666116198,14316881,False,622000,102540.155,637.8,0.016,2
1666116198,14316882,False,14001,102539.093,14.36,0.016,0
1666116213,14316883,True,1891,102539.1,1.94,0.016,0
1666116231,14316884,False,100000,102536.64,102.54,0.016,2
1666116231,14316885,False,493000,102513.702,505.39,0.016,2
1666116247,14316886,False,48190,102468.367,49.38,0.015,0
1666116325,14316887,True,22716,102479.75,23.28,0.015,0
1666116326,14316888,False,757000,102479.735,775.77,0.015,2
1666116326,14316889,False,243000,102479.735,249.03,0.015,2
1666116326,14316890,False,375000,102479.735,384.3,0.015,2
1666116331,14316891,True,1395661,102479.75,1430.27,0.015,2
1666116337,14316892,False,51360,102479.735,52.63,0.015,0
1666116370,14316893,False,42500,102479.735,43.55,0.015,0
1666116378,14316894,False,1610000,102479.735,1649.92,0.015,2
1666116378,14316895,False,676000,102479.735,692.76,0.015,2
1666116378,14316896,False,736000,102479.735,754.25,0.015,2
1666116378,14316897,False,699000,102479.735,716.33,0.015,2
1666116378,14316898,False,736000,102479.735,754.25,0.015,2
1666116378,14316899,False,601000,102479.735,615.9,0.015,2
1666116378,14316900,False,607000,102479.735,622.05,0.015,2
1666116378,14316901,False,1001999,102470.878,1026.76,0.015,2
1666116378,14316902,False,950000,102470.344,973.47,0.015,2
1666116378,14316903,False,10618,102468.367,10.88,0.015,0
1666116378,14316904,False,1234000,102452.874,1264.27,0.015,2
1666116378,14316905,False,2644532,102451.775,2709.37,0.015,2
1666116417,14316906,False,976,102479.735,1.0,0.015,0
1666116424,14316907,False,155660,102479.735,159.52,0.015,2
1666116430,14316908,False,929999,102479.735,953.06,0.015,2
1666116466,14316909,False,4920,102479.735,5.04,0.015,0
1666116588,14316910,True,96835,102479.75,99.24,0.015,0
1666116624,14316911,True,10000000,102350.64,10235.06,0.014,2
1666116667,14316912,True,4707269,102389.88,4819.77,0.014,2
1666116671,14316913,True,195328,102391.83,200.0,0.014,2
1666116671,14316914,False,153080,102329.286,156.65,0.014,2
1666116672,14316915,False,39909,102329.286,40.84,0.014,0
1666116729,14316916,False,212249,102345.173,217.23,0.014,2
1666116799,14316917,False,349041,102366.126,357.3,0.014,2
1666116807,14316918,True,9556,102543.33,9.8,0.016,0
1666116847,14316919,False,33620,102376.848,34.42,0.014,0
1666116891,14316920,True,97602,102456.09,100.0,0.015,2
1666116900,14316921,False,142404,102392.77,145.81,0.014,2
1666116958,14316922,True,92420,102456.09,94.69,0.015,0
1666116964,14316923,False,59056908,102408.208,60479.12,0.015,1
1666116964,14316924,False,993000,102408.208,1016.91,0.015,2
1666116964,14316925,False,488000,102408.095,499.75,0.015,2
1666116964,14316926,False,468000,102407.729,479.27,0.015,2
1666116964,14316927,False,789000,102407.433,807.99,0.015,2
1666116964,14316928,False,805000,102406.967,824.38,0.015,2
1666116964,14316929,False,550000,102406.379,563.24,0.015,2
1666116964,14316930,False,556000,102405.806,569.38,0.015,2
1666116964,14316931,False,993000,102405.624,1016.89,0.015,2
1666116964,14316932,False,1650000,102300.0,1687.95,0.014,2
1666116964,14316933,False,12729198,102300.0,13021.97,0.014,2
1666116964,14316934,False,977518,102300.0,1000.0,0.014,2
1666116964,14316935,False,17890000,102196.0,18282.86,0.012,2
1666116964,14316936,False,58170000,102120.0,59403.2,0.012,1
1666116964,14316937,False,10000000,102110.796,10211.08,0.012,2
1666116964,14316938,False,100000,102100.0,102.1,0.012,2
1666116964,14316939,False,801009,102052.14,817.45,0.011,2
1666116964,14316940,False,20911,102000.0,21.33,0.011,0
1666116964,14316941,False,294117,102000.0,300.0,0.011,2
1666116964,14316942,False,882352,102000.0,900.0,0.011,2
1666116964,14316943,False,784314,102000.0,800.0,0.011,2
1666116964,14316944,False,2000,102000.0,2.04,0.011,0
1666116964,14316945,False,147058,102000.0,150.0,0.011,2
1666116964,14316946,False,250000,102000.0,255.0,0.011,2
1666116964,14316947,False,98039,102000.0,100.0,0.011,2
1666116964,14316948,False,1962587,102000.0,2001.84,0.011,2
1666116964,14316949,False,16347,101947.5,16.67,0.01,0
1666116964,14316950,False,2200000,101942.77,2242.74,0.01,2
1666116964,14316951,False,2200000,101942.77,2242.74,0.01,2
1666116964,14316952,False,12717092,101942.77,12964.16,0.01,2
1666116970,14316953,False,2000000,102408.198,2048.16,0.015,2
1666116970,14316954,False,580000,102407.886,593.97,0.015,2
1666116970,14316955,False,441000,102407.783,451.62,0.015,2
1666116970,14316956,False,971000,102406.97,994.37,0.015,2
1666116970,14316957,False,550000,102406.791,563.24,0.015,2
1666116970,14316958,False,647000,102300.963,661.89,0.014,2
1666116970,14316959,False,20004360,102111.238,20426.7,0.012,1
1666116973,14316960,False,97480,102301.503,99.72,0.014,0
1666116991,14316961,True,15000000,102352.78,15352.92,0.014,2
1666117003,14316962,True,781380,102382.81,800.0,0.014,2
1666117009,14316963,True,2586466,102382.81,2648.1,0.014,2
1666117071,14316964,True,9758,102474.35,10.0,0.015,0
1666117221,14316965,False,239960,102370.151,245.65,0.014,2
1666117230,14316966,False,524000,102372.203,536.43,0.014,2
1666117230,14316967,False,394000,102371.732,403.34,0.014,2
1666117230,14316968,False,535000,102371.516,547.69,0.014,2
1666117230,14316969,False,1000000,102371.227,1023.71,0.014,2
1666117230,14316970,False,524000,102371.217,536.43,0.014,2
1666117230,14316971,False,328000,102371.206,335.78,0.014,2
1666117230,14316972,False,406000,102370.609,415.62,0.014,2
1666117230,14316973,False,385000,102370.379,394.13,0.014,2
1666117230,14316974,False,311000,102370.158,318.37,0.014,2
1666117230,14316975,False,318000,102369.936,325.54,0.014,2
1666117230,14316976,False,681000,102368.155,697.13,0.014,2
1666117230,14316977,False,980897,102359.152,1004.04,0.014,2
1666117301,14316978,True,635120,102342.86,650.0,0.014,2
1666117308,14316979,True,1954215,102342.86,2000.0,0.014,2
1666117318,14316980,True,976904,102364.11,1000.0,0.014,2
1666117331,14316981,True,404438,102364.11,414.0,0.014,2
1666117339,14316982,True,19538,102364.11,20.0,0.014,0
1666117377,14316983,True,2350000,102375.948,2405.83,0.014,2
1666117394,14316984,True,1739999,102426.67,1782.22,0.015,2
1666117394,14316985,True,10911208,102426.67,11175.99,0.015,2
1666117457,14316986,True,97586,102472.759,100.0,0.015,2
1666117479,14316987,False,51630,102299.641,52.82,0.014,0
1666117481,14316988,True,32986,102465.88,33.8,0.015,0
1666117590,14316989,True,832175,102370.06,851.9,0.014,2
1666117590,14316990,True,6323,102370.06,6.47,0.014,0
1666117744,14316991,True,1680101,102374.78,1720.0,0.014,2
1666117752,14316992,True,390776,102360.08,400.0,0.014,2
1666117783,14316993,False,400999,102344.916,410.4,0.014,2
1666117783,14316994,False,224240,102343.896,229.5,0.014,2
1666117796,14316995,True,48846,102360.08,50.0,0.014,0
1666117853,14316996,True,1377,102379.52,1.41,0.014,0
1666117868,14316997,False,94660,102361.021,96.89,0.014,0
1666117869,14316998,True,48837,102379.52,50.0,0.014,0
1666117878,14316999,True,146513,102379.52,150.0,0.014,2
1666117934,14317000,False,155320,102345.493,158.96,0.014,2
1666117957,14317001,True,7716387,102379.52,7900.0,0.014,2
1666118032,14317002,True,12588442,102237.43,12870.1,0.013,2
1666118116,14317003,True,15016778,102249.09,15354.52,0.013,2
1666118130,14317004,False,4107,102204.126,4.2,0.013,0
1666118142,14317005,True,28836,102234.85,29.48,0.013,0
1666118144,14317006,True,11979055,102234.85,12246.77,0.013,2
1666118193,14317007,True,195514,102294.25,200.0,0.013,2
1666118218,14317008,False,26301,102226.83,26.89,0.013,0
1666118246,14317009,True,11768901,102082.2,12013.95,0.011,2
1666118259,14317010,True,3242972,102000.01,3307.83,0.011,2
1666118275,14317011,True,98039,102000.01,100.0,0.011,2
1666118283,14317012,True,13881152,102000.01,14158.78,0.011,2
1666118318,14317013,True,7531367,102087.19,7688.56,0.011,2
1666118324,14317014,False,1380000,102000.0,1407.6,0.011,2
1666118324,14317015,False,285000,102000.0,290.7,0.011,2
1666118324,14317016,False,504000,102000.0,514.08,0.011,2
1666118324,14317017,False,367000,102000.0,374.34,0.011,2
1666118324,14317018,False,2853000,102000.0,2910.06,0.011,2
1666118324,14317019,False,224999,102000.0,229.5,0.011,2
1666118324,14317020,False,223000,102000.0,227.46,0.011,2
1666118324,14317021,False,379000,102000.0,386.58,0.011,2
1666118324,14317022,False,504000,102000.0,514.08,0.011,2
1666118324,14317023,False,264000,102000.0,269.28,0.011,2
1666118324,14317024,False,472000,102000.0,481.44,0.011,2
1666118324,14317025,False,230000,102000.0,234.6,0.011,2
1666118324,14317026,False,392000,102000.0,399.84,0.011,2
1666118324,14317027,False,270000,102000.0,275.4,0.011,2
1666118324,14317028,False,652000,102000.0,665.04,0.011,2
1666118348,14317029,True,1143032,102180.724,1167.96,0.012,2
1666118366,14317030,True,1957253,102184.0,2000.0,0.012,2
1666118373,14317031,True,2170000,102223.457,2218.25,0.013,2
1666118373,14317032,True,12830570,102227.01,13116.31,0.013,2
1666118422,14317033,True,978,102216.636,1.0,0.013,0
1666118443,14317034,True,31317,102231.721,32.02,0.013,0
1666118548,14317035,False,1430000,102069.787,1459.6,0.011,2
1666118548,14317036,False,8323417,102069.787,8495.69,0.011,2
1666118598,14317037,True,85838,102239.0,87.76,0.013,0
1666118642,14317038,True,2100000,102265.0,2147.56,0.013,2
1666118642,14317039,True,1163000,102292.467,1189.66,0.013,2
1666118642,14317040,True,1176000,102293.925,1202.98,0.013,2
1666118642,14317041,True,1163000,102294.437,1189.68,0.013,2
1666118642,14317042,True,1381000,102295.743,1412.7,0.013,2
1666118642,14317043,True,1201000,102295.914,1228.57,0.013,2
1666118642,14317044,True,1381000,102297.569,1412.73,0.013,2
1666118642,14317045,True,25000000,102300.07,25575.02,0.014,1
1666118642,14317046,True,17890000,102301.0,18301.65,0.014,2
1666118642,14317047,True,1981000,102319.621,2026.95,0.014,2
1666118642,14317048,True,1426000,102320.116,1459.08,0.014,2
1666118642,14317049,True,1876999,102320.259,1920.55,0.014,2
1666118642,14317050,True,1456000,102320.354,1489.78,0.014,2
1666118642,14317051,True,58170000,102322.0,59520.71,0.014,1
1666118642,14317052,True,2493000,102354.991,2551.71,0.014,2
1666118642,14317053,True,2574000,102356.346,2634.65,0.014,2
1666118642,14317054,True,2547000,102356.531,2607.02,0.014,2
1666118642,14317055,True,36363378,102483.203,37266.35,0.015,1
1666118642,14317056,True,13514000,102484.449,13849.75,0.015,2
1666118642,14317057,True,25000,102621.017,25.66,0.017,0
1666118642,14317058,True,10000000,102704.42,10270.44,0.018,2
1666118642,14317059,True,2200000,102752.94,2260.56,0.018,2
1666118642,14317060,True,56890061,102752.94,58456.21,0.018,1
1666118670,14317061,True,2933,102270.11,3.0,0.013,0
1666118708,14317062,True,5000000,102046.09,5102.3,0.011,2
1666118713,14317063,True,9926,102046.09,10.13,0.011,0
1666118720,14317064,True,489809,102080.5,500.0,0.011,2
1666118818,14317065,True,11758,102049.97,12.0,0.011,0
1666118857,14317066,True,15000032,102048.31,15307.28,0.011,2
1666118909,14317067,True,19599351,102044.19,20000.0,0.011,2
1666118935,14317068,True,4331917,102010.87,4419.03,0.011,2
1666118963,14317069,True,9407304,102010.87,9596.47,0.011,2
1666118972,14317070,True,11685,102010.87,11.92,0.011,0
1666118977,14317071,True,328161,102010.87,334.76,0.011,2
1666118979,14317072,True,24507,102010.87,25.0,0.011,0
1666119027,14317073,False,1226,102010.858,1.25,0.011,0
1666119027,14317074,False,618143,102010.848,630.57,0.011,2
1666119035,14317075,True,588172,102010.87,600.0,0.011,2
1666119046,14317076,False,30141,102000.01,30.74,0.011,0
1666119082,14317077,False,2000,102000.0,2.04,0.011,0
1666119082,14317078,False,50000,101950.0,50.98,0.01,0
1666119082,14317079,False,144080,101867.456,146.77,0.0092,2
1666119089,14317080,False,855920,101867.456,871.9,0.0092,2
1666119149,14317081,False,27253309,101859.0,27759.95,0.0091,1
1666119149,14317082,False,86891,101850.0,88.5,0.0091,0
1666119236,14317083,True,392729,101851.196,400.0,0.0091,2
1666119280,14317084,False,1,101850.0,0.0,0.0091,0
1666119280,14317085,False,9823,101800.0,10.0,0.0086,0
1666119280,14317086,False,10000,101793.39,10.18,0.0085,0
1666119280,14317087,False,60474,101768.749,61.54,0.0083,0
1666119316,14317088,False,10000,101746.93,10.17,0.008,0
1666119316,14317089,False,1520000,101737.001,1546.4,0.0079,2
1666119316,14317090,False,10000,101716.09,10.17,0.0077,0
1666119316,14317091,False,10000,101703.69,10.17,0.0076,0
1666119316,14317092,False,10000,101689.36,10.17,0.0075,0
1666119316,14317093,False,10000,101653.69,10.17,0.0071,0
1666119316,14317094,False,5430000,101647.024,5519.43,0.007,2
1666119316,14317095,False,677000,101646.207,688.14,0.007,2
1666119316,14317096,False,13971,101639.06,14.2,0.007,0
1666119316,14317097,False,521964,101639.0,530.52,0.007,2
1666119316,14317098,False,803000,101631.109,816.1,0.0069,2
1666119316,14317099,False,10720,101600.0,10.89,0.0066,0
1666119316,14317100,False,6489402,101511.049,6587.46,0.0057,2
1666119350,14317101,True,73700,101648.877,74.92,0.0071,0
1666119374,14317102,True,98376,101648.85,100.0,0.0071,2
1666119391,14317103,True,653000,101645.848,663.75,0.007,2
1666119391,14317104,True,784000,101647.276,796.91,0.0071,2
1666119391,14317105,True,530597,101647.282,539.34,0.0071,2
1666119443,14317106,True,491670,101694.188,500.0,0.0075,2
1666119445,14317107,False,50340,101545.528,51.12,0.006,0
1666119695,14317108,False,12815204,101650.0,13026.66,0.0071,2
1666119710,14317109,False,63272,101650.0,64.32,0.0071,0
1666119710,14317110,False,14490123,101650.0,14729.21,0.0071,2
1666119731,14317111,False,23000,101500.0,23.35,0.0056,0
1666119731,14317112,False,591133,101500.0,600.0,0.0056,2
1666119731,14317113,False,482102,101500.0,489.33,0.0056,2
1666119731,14317114,False,27083,101500.0,27.49,0.0056,0
1666119743,14317115,False,6849205,101391.6,6944.52,0.0045,2
1666119749,14317116,True,98546,101474.924,100.0,0.0053,2
1666119762,14317117,True,783563,101474.924,795.12,0.0053,2
1666119801,14317118,False,25523,101420.196,25.89,0.0048,0
1666119805,14317119,False,1770000,101421.914,1795.17,0.0048,2
1666119805,14317120,False,683000,101421.914,692.71,0.0048,2
1666119805,14317121,False,504328,101421.39,511.5,0.0048,2
1666119825,14317122,True,394186,101474.923,400.0,0.0053,2
1666119839,14317123,False,671000,101431.157,680.6,0.0049,2
1666119839,14317124,False,508988,101430.185,516.27,0.0049,2
1666119846,14317125,False,190319,101432.626,193.05,0.0049,2
1666119865,14317126,False,4686,101436.677,4.75,0.005,0
1666119984,14317127,False,19422,101474.91,19.71,0.0053,0
1666119996,14317128,True,184035,101474.912,186.75,0.0053,2
1666120000,14317129,False,571857,101474.91,580.29,0.0053,2
1666120030,14317130,False,35510,101382.402,36.0,0.0044,0
1666120075,14317131,False,477669,101390.791,484.31,0.0045,2
1666120119,14317132,True,9861,101406.659,10.0,0.0047,0
1666120207,14317133,False,899999,101369.36,912.32,0.0043,2
1666120222,14317134,True,3520,101369.354,3.57,0.0043,0
1666120235,14317135,False,58258,101326.0,59.03,0.0039,0
1666120262,14317136,False,118100,101326.0,119.67,0.0039,2
1666120294,14317137,True,4066,101322.033,4.12,0.0038,0
1666120317,14317138,True,394779,101322.028,400.0,0.0038,2
1666120341,14317139,False,100000,101315.0,101.31,0.0038,2
1666120359,14317140,True,148053,101314.978,150.0,0.0038,2
1666120407,14317141,False,48030,101300.0,48.65,0.0036,0
1666120464,14317142,False,123080,101300.0,124.68,0.0036,2
1666120475,14317143,True,98766,101249.008,100.0,0.0031,2
1666120495,14317144,True,6913648,101249.002,7000.0,0.0031,2
1666120498,14317145,False,303708,101249.0,307.5,0.0031,2
1666120504,14317146,False,285530,101200.0,288.96,0.0026,2
1666120505,14317147,True,10479,101248.998,10.61,0.0031,0
1666120508,14317148,True,2380,101248.998,2.41,0.0031,0
1666120516,14317149,False,33620,101200.0,34.02,0.0026,0
1666120524,14317150,True,297958,101248.986,301.68,0.0031,2
1666120538,14317151,False,33622,101200.0,34.03,0.0026,0
1666120550,14317152,False,12289,101200.0,12.44,0.0026,0
1666120552,14317153,False,140344,101200.0,142.03,0.0026,2
1666120552,14317154,False,592885,101200.0,600.0,0.0026,2
1666120571,14317155,False,300000,101181.11,303.54,0.0024,2
1666120595,14317156,False,119999,101112.5,121.33,0.0018,2
1666120651,14317157,False,2500,101046.014,2.53,0.0011,0
1666120660,14317158,False,2200000,101064.367,2223.42,0.0013,2
1666120662,14317159,True,2483,101064.37,2.51,0.0013,0
1666120665,14317160,True,4932107,101127.36,4987.71,0.0019,2
1666120687,14317161,True,15000032,101185.03,15177.79,0.0025,2
1666120699,14317162,False,195390,101177.92,197.69,0.0024,2
1666120746,14317163,True,15000000,101235.15,15185.27,0.003,2
1666120749,14317164,True,195254,101302.44,197.8,0.0036,2
1666120749,14317165,True,5727604,101302.44,5802.2,0.0036,2
1666120760,14317166,True,394964,101274.886,400.0,0.0034,2
1666120792,14317167,False,48030,101193.526,48.6,0.0026,0
1666120817,14317168,True,14810,101274.883,15.0,0.0034,0
1666120817,14317169,True,49370,101274.883,50.0,0.0034,0
1666120881,14317170,True,98849,101163.836,100.0,0.0023,2
1666120919,14317171,False,7135,101082.994,7.21,0.0015,0
1666120924,14317172,True,395398,101163.812,400.0,0.0023,2
1666120928,14317173,False,1095000,101085.672,1106.89,0.0015,2
1666120928,14317174,False,1130000,101084.177,1142.25,0.0015,2
1666120928,14317175,False,537970,101083.278,543.8,0.0015,2
1666120928,14317176,True,200000,101163.81,202.33,0.0023,2
1666120951,14317177,False,752000,101086.595,760.17,0.0015,2
1666120951,14317178,False,601000,101085.751,607.53,0.0015,2
1666120969,14317179,True,118710,101085.692,120.0,0.0015,2
1666120970,14317180,False,25720,101065.0,25.99,0.0013,0
1666121004,14317181,True,49462,101085.68,50.0,0.0015,0
1666121106,14317182,False,29220,101079.691,29.54,0.0014,0
1666121143,14317183,True,1543,101079.81,1.56,0.0014,0
1666121159,14317184,True,527992,101077.269,533.68,0.0014,2
1666121178,14317185,False,297310,101065.0,300.48,0.0013,2
1666121185,14317186,False,80770,101065.0,81.63,0.0013,0
1666121204,14317187,False,88920,101069.657,89.87,0.0013,0
1666121345,14317188,True,9892,101085.7,10.0,0.0015,0
1666121353,14317189,True,13952466,101085.7,14103.95,0.0015,2
1666121363,14317190,True,5428844,101085.7,5487.78,0.0015,2
1666121366,14317191,True,528521,101085.7,534.26,0.0015,2
1666121368,14317192,True,9580846,101085.7,9684.87,0.0015,2
1666121390,14317193,True,2234758,101085.7,2259.02,0.0015,2
1666121396,14317194,True,7890914,101085.7,7976.59,0.0015,2
1666121415,14317195,True,64000,101259.418,64.81,0.0032,0
1666121480,14317196,True,98727,101288.801,100.0,0.0035,2
1666121495,14317197,True,19728,101374.046,20.0,0.0043,0
1666121573,14317198,True,8891622,101384.988,9014.77,0.0045,2
1666121610,14317199,True,8848902,101385.0,8971.46,0.0045,2
1666121638,14317200,True,986,101403.015,1.0,0.0046,0
1666121661,14317201,True,1559014,101403.015,1580.89,0.0046,2
1666121671,14317202,True,39442,101414.002,40.0,0.0047,0
1666121712,14317203,False,78234,101231.606,79.2,0.0029,0
1666121754,14317204,True,1158,101340.025,1.17,0.004,0
1666121790,14317205,True,2470000,101262.59,2501.19,0.0032,2
1666121790,14317206,True,6220000,101262.59,6298.53,0.0032,2
1666121790,14317207,True,6310810,101262.59,6390.49,0.0032,2
1666121807,14317208,True,1159,101252.48,1.17,0.0031,0
1666121847,14317209,True,98763,101252.48,100.0,0.0031,2
1666121847,14317210,True,3000000,101252.48,3037.57,0.0031,2
1666121874,14317211,False,905470,101266.538,916.94,0.0033,2
1666121994,14317212,True,9862,101393.994,10.0,0.0045,0
1666122000,14317213,False,970230,101280.26,982.65,0.0034,2
1666122030,14317214,False,48032,101284.31,48.65,0.0035,0
1666122042,14317215,False,12080,101287.313,12.24,0.0035,0
1666122047,14317216,True,7278,101393.997,7.38,0.0045,0
1666122058,14317217,False,27620,101292.761,27.98,0.0035,0
1666122059,14317218,False,93130,101292.761,94.33,0.0035,0
1666122093,14317219,True,207112,101393.997,210.0,0.0045,2
1666122156,14317220,True,22358,101393.997,22.67,0.0045,0
1666122176,14317221,True,4931,101394.0,5.0,0.0045,0
1666122210,14317222,False,91080,101329.065,92.29,0.0039,0
1666122310,14317223,True,16588,101454.138,16.83,0.0051,0
1666122310,14317224,False,92710,101351.863,93.96,0.0041,0
1666122313,14317225,False,4890,101351.874,4.96,0.0041,0
1666122371,14317226,True,283000,101444.068,287.09,0.005,2
1666122379,14317227,False,987080,101366.926,1000.57,0.0043,2
1666122416,14317228,True,1232206,101444.068,1250.0,0.005,2
1666122447,14317229,False,23690001,101380.019,24016.93,0.0044,1
1666122451,14317230,True,19527,101444.068,19.81,0.005,0
1666122495,14317231,True,559042,101437.428,567.08,0.005,2
1666122523,14317232,False,149550,101397.408,151.64,0.0046,2
1666122523,14317233,True,67430,101437.428,68.4,0.005,0
1666122524,14317234,True,1971658,101437.428,2000.0,0.005,2
1666122525,14317235,False,48032,101397.408,48.7,0.0046,0
1666122540,14317236,True,28943,101437.428,29.36,0.005,0
1666122559,14317237,False,45288,101403.541,45.92,0.0046,0
1666122568,14317238,True,2464,101437.428,2.5,0.005,0
1666122588,14317239,True,24645,101437.428,25.0,0.005,0
1666122622,14317240,True,54289,101437.43,55.07,0.005,0
1666122635,14317241,True,14849032,101470.997,15067.46,0.0053,2
1666122664,14317242,False,600000,101428.629,608.57,0.0049,2
1666122694,14317243,True,98595,101424.04,100.0,0.0048,2
1666122713,14317244,True,216901,101424.04,219.99,0.0048,2
1666122752,14317245,True,942822,101424.04,956.25,0.0048,2
1666122773,14317246,True,19527,101470.993,19.81,0.0053,0
1666122915,14317247,True,14982809,101449.596,15200.0,0.0051,2
1666122979,14317248,False,869999,101400.0,882.18,0.0046,2
1666123019,14317249,True,2958579,101400.01,3000.0,0.0046,2
1666123152,14317250,True,5435998,101407.32,5512.5,0.0047,2
1666123159,14317251,True,8703664,101463.93,8831.08,0.0052,2
1666123248,14317252,True,4188022,101485.285,4250.23,0.0054,2
1666123282,14317253,True,492695,101482.496,500.0,0.0054,2
1666123343,14317254,False,516164,101413.404,523.46,0.0047,2
1666123359,14317255,True,9242,101485.287,9.38,0.0054,0
1666123377,14317256,True,1576583,101485.287,1600.0,0.0054,2
1666123430,14317257,False,576000,101429.101,584.23,0.0049,2
1666123445,14317258,True,13605645,101485.287,13807.73,0.0054,2
1666123452,14317259,True,1403249,101485.287,1424.09,0.0054,2
1666123471,14317260,True,15000701,101485.287,15223.5,0.0054,2
1666123484,14317261,True,15007499,101485.287,15230.4,0.0054,2
1666123489,14317262,True,35492,101485.287,36.02,0.0054,0
1666123493,14317263,False,2000,101443.759,2.03,0.005,0
1666123493,14317264,True,12084210,101485.287,12263.7,0.0054,2
1666123500,14317265,True,147787,101700.206,150.3,0.0076,2
1666123507,14317266,True,117993,101700.206,120.0,0.0076,2
1666123569,14317267,True,98635,101727.986,100.34,0.0079,2
1666123605,14317268,False,2447,101552.915,2.48,0.0061,0
1666123606,14317269,False,9969,101552.915,10.12,0.0061,0
1666123637,14317270,True,29381,101727.973,29.89,0.0079,0
1666123643,14317271,False,14610,101562.765,14.84,0.0062,0
1666123720,14317272,True,24594,101647.548,25.0,0.0071,0
1666123783,14317273,True,9829,101735.419,10.0,0.0079,0
1666123885,14317274,True,98343,101683.758,100.0,0.0074,2
1666123906,14317275,True,3933764,101683.758,4000.0,0.0074,2
1666123913,14317276,False,2000,101626.515,2.03,0.0068,0
1666123921,14317277,True,14535,101683.758,14.78,0.0074,0
1666124020,14317278,True,98364,101662.56,100.0,0.0072,2
1666124083,14317279,False,567000,101655.56,576.39,0.0071,2
1666124083,14317280,False,681000,101644.199,692.2,0.007,2
1666124083,14317281,False,703000,101643.899,714.56,0.007,2
1666124083,14317282,False,580000,101643.719,589.53,0.007,2
1666124083,14317283,False,586000,101643.629,595.63,0.007,2
1666124083,14317284,False,2000000,101639.738,2032.79,0.007,2
1666124083,14317285,False,5543746,101591.718,5631.99,0.0065,2
1666124114,14317286,True,370972,101662.558,377.14,0.0072,2
1666124141,14317287,True,49140,101746.408,50.0,0.008,0
1666124190,14317288,True,98334,101693.926,100.0,0.0075,2
1666124209,14317289,True,23344,101693.93,23.74,0.0075,0
1666124236,14317290,False,2000,101672.292,2.03,0.0073,0
1666124265,14317291,True,9069808,101762.995,9229.71,0.0082,2
1666124272,14317292,False,3835789,101678.753,3900.18,0.0074,2
1666124306,14317293,False,116400,101687.998,118.36,0.0075,2
1666124313,14317294,True,167542,101790.168,170.54,0.0085,2
1666124314,14317295,True,25571516,101790.168,26029.29,0.0085,1
1666124348,14317296,True,10000051,101790.17,10179.07,0.0085,2
1666124403,14317297,True,1400000,101820.92,1425.49,0.0088,2
1666124403,14317298,True,5942430,101820.92,6050.64,0.0088,2
1666124413,14317299,False,55000,101712.503,55.94,0.0077,0
1666124496,14317300,True,9822,101804.73,10.0,0.0086,0
1666124564,14317301,True,148293,101804.73,150.97,0.0086,2
1666124673,14317302,True,4451,101758.4,4.53,0.0082,0
1666124690,14317303,True,492322,101758.4,500.98,0.0082,2
1666124691,14317304,False,41957,101758.132,42.69,0.0081,0
1666124714,14317305,True,1327001,101762.7,1350.39,0.0082,2
1666124730,14317306,True,17014475,101758.14,17313.61,0.0081,2
1666124766,14317307,True,19263,101758.14,19.6,0.0081,0
1666124804,14317308,True,540497,101758.14,550.0,0.0081,2
1666124817,14317309,True,49136,101758.14,50.0,0.0081,0
1666124859,14317310,True,4471,101758.15,4.55,0.0081,0
1666124909,14317311,False,443550,101758.132,451.35,0.0081,2
1666125055,14317312,True,13954475,101758.15,14199.82,0.0081,2
1666125071,14317313,False,825000,101768.479,839.59,0.0083,2
1666125071,14317314,False,1084000,101767.348,1103.16,0.0082,2
1666125071,14317315,False,600000,101766.977,610.6,0.0082,2
1666125071,14317316,False,489000,101766.912,497.64,0.0082,2
1666125071,14317317,False,511000,101766.02,520.02,0.0082,2
1666125071,14317318,False,1530000,101656.163,1555.34,0.0071,2
1666125071,14317319,False,2029999,101608.608,2062.65,0.0067,2
1666125071,14317320,False,6100000,101542.641,6194.1,0.006,2
1666125071,14317321,False,12223516,101542.641,12412.08,0.006,2
1666125130,14317322,False,387202,101615.815,393.46,0.0067,2
1666125341,14317323,True,1470000,101692.075,1494.87,0.0075,2
1666125341,14317324,True,592547,101692.08,602.57,0.0075,2
1666125392,14317325,False,5690,101671.101,5.79,0.0073,0
1666125410,14317326,False,459000,101673.852,466.68,0.0073,2
1666125410,14317327,False,440000,101672.909,447.36,0.0073,2
1666125410,14317328,False,6930,101671.048,7.05,0.0073,0
1666125530,14317329,False,3264,101619.864,3.32,0.0068,0
1666125555,14317330,False,961,101619.864,0.98,0.0068,0
1666125605,14317331,False,11590,101619.864,11.78,0.0068,0
1666125631,14317332,True,15001064,101619.87,15244.06,0.0068,2
1666125666,14317333,False,22460,101619.864,22.82,0.0068,0
1666125666,14317334,False,426540,101619.864,433.45,0.0068,2
1666125666,14317335,False,546190,101619.864,555.04,0.0068,2
1666125667,14317336,True,9829,101739.256,10.0,0.008,0
1666125679,14317337,True,1482000,101817.704,1508.94,0.0087,2
1666125679,14317338,True,2270000,101853.697,2312.08,0.0091,2
1666125686,14317339,False,651390,101867.77,663.56,0.0092,2
1666125692,14317340,True,7813478,101888.97,7961.07,0.0094,2
1666125726,14317341,True,2480000,102073.295,2531.42,0.011,2
1666125815,14317342,True,19567,102209.017,20.0,0.013,0
1666125841,14317343,False,676060,102023.347,689.74,0.011,2
1666125852,14317344,False,959999,102026.72,979.46,0.011,2
1666125852,14317345,False,1024843,102025.8,1045.61,0.011,2
1666125955,14317346,True,342482,102194.975,350.0,0.012,2
1666125994,14317347,False,97850,102246.07,100.05,0.013,2
1666126003,14317348,True,1990000,102257.386,2034.92,0.013,2
1666126003,14317349,True,132183,102257.901,135.17,0.013,2
1666126031,14317350,False,979,102125.752,1.0,0.012,0
1666126040,14317351,True,48467,102319.918,49.59,0.014,0
1666126137,14317352,False,2000,102142.501,2.04,0.012,0
1666126198,14317353,True,880913,102166.663,900.0,0.012,2
1666126224,14317354,False,680000,102093.969,694.24,0.011,2
1666126224,14317355,False,226530,102093.543,231.27,0.011,2
1666126235,14317356,False,48030,102138.431,49.06,0.012,0
1666126367,14317357,False,14363191,102066.089,14659.95,0.011,2
1666126368,14317358,False,260003,102066.089,265.37,0.011,2
1666126414,14317359,True,48983,102073.649,50.0,0.011,0
1666126424,14317360,False,79056,102066.089,80.69,0.011,0
1666126433,14317361,False,10094,102066.089,10.3,0.011,0
1666126449,14317362,False,20430,102066.089,20.85,0.011,0
1666126522,14317363,True,6887,102112.45,7.03,0.012,0
1666126523,14317364,False,9064,102066.089,9.25,0.011,0
1666126561,14317365,False,8000,102066.089,8.17,0.011,0
1666126627,14317366,False,7174,102066.089,7.32,0.011,0
1666126674,14317367,False,6499,102066.089,6.63,0.011,0
1666126695,14317368,False,558530,102066.089,570.07,0.011,2
1666126707,14317369,False,5000,102066.089,5.1,0.011,0
1666126717,14317370,True,1959514,102066.1,2000.0,0.011,2
1666126745,14317371,False,292521,102066.089,298.56,0.011,2
1666126750,14317372,False,50000,102066.089,51.03,0.011,0
1666126752,14317373,False,225689,102066.089,230.35,0.011,2
1666126811,14317374,False,2000,102067.708,2.04,0.011,0
1666126888,14317375,False,5000000,102066.089,5103.3,0.011,2
1666126931,14317376,True,14888220,102068.61,15196.2,0.011,2
1666126940,14317377,True,25000000,102066.1,25516.53,0.011,1
1666126967,14317378,False,20900,102068.0,21.33,0.011,0
1666126982,14317379,False,20910,102068.0,21.34,0.011,0
1666127028,14317380,False,2811,102066.089,2.87,0.011,0
1666127041,14317381,True,244934,102068.01,250.0,0.011,2
1666127066,14317382,False,48278,102066.089,49.28,0.011,0
1666127083,14317383,True,16675,102066.1,17.02,0.011,0
1666127141,14317384,False,8817820,102066.089,9000.0,0.011,2
1666127142,14317385,True,71923,102066.1,73.41,0.011,0
1666127145,14317386,True,97005,102066.1,99.01,0.011,0
1666127317,14317387,False,9852932,102066.089,10056.5,0.011,2
1666127332,14317388,False,7444,102066.089,7.6,0.011,0
1666127337,14317389,True,2000000,101900.02,2038.0,0.0096,2
1666127400,14317390,False,15000000,101900.0,15285.0,0.0096,2
1666127409,14317391,False,502129,101900.0,511.67,0.0096,2
1666127427,14317392,True,4776174,101750.01,4859.76,0.0081,2
1666127454,14317393,False,217893,101750.0,221.71,0.0081,2
1666127520,14317394,True,19645,101803.75,20.0,0.0086,0
1666127521,14317395,True,15000031,101803.75,15270.59,0.0086,2
1666127522,14317396,True,147342,101803.75,150.0,0.0086,2
1666127678,14317397,False,42809,101765.741,43.56,0.0082,0
1666127761,14317398,True,803,101875.93,0.82,0.0093,0
1666127787,14317399,False,816000,101786.745,830.58,0.0084,2
1666127787,14317400,False,406000,101785.529,413.25,0.0084,2
1666127787,14317401,False,476835,101785.239,485.35,0.0084,2
1666127826,14317402,True,23149,101902.16,23.59,0.0096,0
1666127859,14317403,False,127469,101798.068,129.76,0.0085,2
1666127902,14317404,True,14559,101902.16,14.84,0.0096,0
1666127905,14317405,False,207500,101808.867,211.25,0.0087,2
1666127918,14317406,False,10000,101808.877,10.18,0.0087,0
1666127974,14317407,True,981231,101912.65,1000.0,0.0097,2
1666127977,14317408,True,343431,101912.65,350.0,0.0097,2
1666127997,14317409,True,3787,101912.65,3.86,0.0097,0
1666128174,14317410,False,33622,101769.907,34.22,0.0083,0
1666128175,14317411,False,22405,101769.907,22.8,0.0083,0
1666128351,14317412,True,1631773,101780.0,1660.82,0.0084,2
1666128351,14317413,True,12402647,101780.0,12623.41,0.0084,2
1666128403,14317414,True,238118,101772.78,242.34,0.0083,2
1666128469,14317415,True,981,101764.785,1.0,0.0082,0
1666128499,14317416,True,491400,101750.005,500.0,0.0081,2
1666128506,14317417,False,10230,101750.0,10.41,0.0081,0
1666128522,14317418,False,5418,101619.86,5.51,0.0068,0
1666128561,14317419,False,7582,101619.86,7.7,0.0068,0
1666128587,14317420,False,14370,101550.0,14.59,0.0061,0
1666128594,14317421,True,984736,101550.01,1000.0,0.0061,2
1666128649,14317422,True,98473,101550.01,100.0,0.0061,2
1666128668,14317423,False,75617,101550.0,76.79,0.0061,0
1666128709,14317424,True,147710,101549.985,150.0,0.0061,2
1666128742,14317425,False,373660,101500.0,379.26,0.0056,2
1666128806,14317426,False,1890928,101500.0,1919.29,0.0056,2
1666128874,14317427,True,588066,101502.1,596.9,0.0056,2
1666128927,14317428,False,3761,101512.066,3.82,0.0057,0
1666128935,14317429,True,15000032,101566.72,15235.04,0.0063,2
1666129049,14317430,True,344221,101678.65,350.0,0.0074,2
1666129248,14317431,True,983991,101626.89,1000.0,0.0068,2
1666129291,14317432,True,4922,101575.4,5.0,0.0063,0
1666129342,14317433,True,2135809,101630.13,2170.63,0.0069,2
1666129372,14317434,True,13905,101628.99,14.13,0.0069,0
1666129387,14317435,True,15000000,101628.99,15244.35,0.0069,2
1666129421,14317436,True,15007499,101654.58,15255.81,0.0071,2
1666129532,14317437,True,9060,101648.32,9.21,0.0071,0
1666129562,14317438,True,393301,101703.17,400.0,0.0076,2
1666129665,14317439,True,17540,101740.14,17.85,0.008,0
1666129763,14317440,True,1326,101740.14,1.35,0.008,0
1666129812,14317441,False,816000,101635.848,829.35,0.0069,2
1666129812,14317442,False,59320,101634.308,60.29,0.0069,0
1666129826,14317443,False,5469,101638.566,5.56,0.007,0
1666129876,14317444,False,8997,101740.13,9.15,0.008,0
1666129883,14317445,True,98289,101740.14,100.0,0.008,2
1666129891,14317446,True,49145,101740.14,50.0,0.008,0
1666129938,14317447,False,396999,101640.009,403.51,0.007,2
1666129938,14317448,False,81696,101639.005,83.04,0.007,0
1666130045,14317449,False,4230,101646.2,4.3,0.007,0
1666130048,14317450,False,905100,101646.2,920.0,0.007,2
1666130075,14317451,False,9408570,101646.21,9563.45,0.007,2
1666130098,14317452,True,10358,101653.32,10.53,0.0071,0
1666130105,14317453,True,15047535,101653.32,15296.32,0.0071,2
1666130107,14317454,True,196746,101653.32,200.0,0.0071,2
1666130131,14317455,False,14030,101646.21,14.26,0.007,0
1666130151,14317456,True,136288,101769.442,138.7,0.0083,2
1666130185,14317457,False,410000,101646.21,416.75,0.007,2
1666130185,14317458,False,683957,101646.21,695.22,0.007,2
1666130336,14317459,True,15048977,101646.24,15296.72,0.007,2
1666130362,14317460,True,10300000,101685.76,10473.63,0.0074,2
1666130372,14317461,True,1307668,101694.1,1329.82,0.0075,2
1666130386,14317462,False,374930,101646.21,381.1,0.007,2
1666130392,14317463,True,3932,101714.96,4.0,0.0077,0
1666130399,14317464,True,1356,101714.96,1.38,0.0077,0
1666130416,14317465,False,1860,101646.22,1.89,0.007,0
1666130418,14317466,True,2370000,101714.958,2410.64,0.0077,2
1666130418,14317467,True,579418,101714.958,589.35,0.0077,2
1666130556,14317468,False,5961,101646.2,6.06,0.007,0
1666130556,14317469,False,158219,101607.802,160.76,0.0067,2
1666130560,14317470,True,9837,101648.08,10.0,0.0071,0
1666130586,14317471,True,10998189,101648.08,11179.45,0.0071,2
1666130598,14317472,True,997000,101666.94,1013.62,0.0072,2
1666130658,14317473,True,7604,101644.268,7.73,0.007,0
1666130702,14317474,True,1081035,101646.21,1098.83,0.007,2
1666130729,14317475,False,97150,101627.653,98.73,0.0069,0
1666130750,14317476,True,148508,101705.49,151.04,0.0076,2
1666130753,14317477,False,72996,101628.597,74.18,0.0069,0
1666130755,14317478,True,14852106,101705.49,15105.41,0.0076,2
1666130806,14317479,False,14400,101639.901,14.64,0.007,0
1666130812,14317480,False,15910,101639.911,16.17,0.007,0
1666130839,14317481,True,29999,101728.0,30.52,0.0079,0
1666130982,14317482,True,2964285,101603.24,3011.81,0.0066,2
1666131115,14317483,True,12744771,101654.41,12955.62,0.0071,2
1666131149,14317484,True,19439208,101687.76,19767.3,0.0075,2
1666131237,14317485,True,9873,101691.19,10.04,0.0075,0
1666131345,14317486,False,113109,101691.18,115.02,0.0075,2
1666131438,14317487,False,48030,101691.18,48.84,0.0075,0
1666131456,14317488,True,6224,101691.19,6.33,0.0075,0
1666131484,14317489,False,259319,101691.18,263.7,0.0075,2
1666131577,14317490,False,8059,101691.18,8.2,0.0075,0
1666131720,14317491,False,57692,101691.18,58.67,0.0075,0
1666131732,14317492,True,49226,101571.0,50.0,0.0063,0
1666131745,14317493,True,1514621,101571.0,1538.42,0.0063,2
1666131808,14317494,True,984,101604.73,1.0,0.0066,0
1666131897,14317495,True,5343796,101655.58,5432.27,0.0071,2
1666131910,14317496,False,19670,101569.773,19.98,0.0063,0
1666131942,14317497,True,1967,101661.048,2.0,0.0072,0
1666131956,14317498,False,14029,101571.586,14.25,0.0063,0
1666131961,14317499,True,983,101645.36,1.0,0.007,0
1666132013,14317500,False,38630,101605.01,39.25,0.0066,0
1666132049,14317501,True,1632,101691.188,1.66,0.0075,0
1666132058,14317502,True,1966,101702.0,2.0,0.0076,0
1666132094,14317503,True,2742,101717.0,2.79,0.0077,0
1666132102,14317504,False,428540,101611.584,435.45,0.0067,2
1666132227,14317505,False,47298,101622.149,48.07,0.0068,0
1666132275,14317506,True,9831,101713.247,10.0,0.0077,0
1666132280,14317507,False,320125,101634.67,325.36,0.0069,2
1666132345,14317508,True,108930,101704.074,110.79,0.0076,2
1666132423,14317509,True,69000,101685.21,70.16,0.0074,0
1666132464,14317510,True,990000,101661.78,1006.45,0.0072,2
1666132470,14317511,True,4918,101661.78,5.0,0.0072,0
1666132513,14317512,True,1967,101661.78,2.0,0.0072,0
1666132594,14317513,False,33830,101658.408,34.39,0.0072,0
1666132606,14317514,True,1967307,101661.78,2000.0,0.0072,2
1666132637,14317515,False,25370,101656.338,25.79,0.0071,0
1666132694,14317516,False,196739,101672.702,200.03,0.0073,2
1666132751,14317517,True,447509,101673.91,455.0,0.0073,2
1666132762,14317518,False,275640,101573.136,279.98,0.0063,2
1666132897,14317519,False,50445,101594.657,51.25,0.0065,0
1666132952,14317520,True,15047875,101689.1,15302.05,0.0075,2
1666132972,14317521,True,260491,101740.89,265.03,0.008,2
1666132973,14317522,False,17418,101610.162,17.7,0.0067,0
1666132995,14317523,False,8663,101610.444,8.8,0.0067,0
1666133040,14317524,True,4914,101740.89,5.0,0.008,0
1666133045,14317525,False,58970,101620.029,59.93,0.0068,0
1666133070,14317526,False,39360,101626.142,40.0,0.0068,0
1666133123,14317527,True,9829,101739.69,10.0,0.008,0
1666133127,14317528,True,9829,101739.69,10.0,0.008,0
1666133148,14317529,False,15203,101634.926,15.45,0.0069,0
1666133196,14317530,True,8561,101739.69,8.71,0.008,0
1666133203,14317531,False,11790,101638.382,11.98,0.007,0
1666133262,14317532,True,391126,101739.69,397.93,0.008,2
1666133392,14317533,True,29486,101739.69,30.0,0.008,0
1666133408,14317534,True,15000032,101739.69,15260.99,0.008,2
1666133416,14317535,False,20990,101680.141,21.34,0.0074,0
1666133448,14317536,True,1286500,101743.0,1308.92,0.008,2
1666133525,14317537,True,2140000,101851.0,2179.61,0.0091,2
1666133525,14317538,True,12860031,101851.0,13098.07,0.0091,2
1666133534,14317539,True,45028,101913.997,45.89,0.0097,0
1666133544,14317540,True,14726,101859.94,15.0,0.0092,0
1666133551,14317541,True,245435,101859.94,250.0,0.0092,2
1666133618,14317542,True,95916,101859.94,97.7,0.0092,0
1666133669,14317543,True,9812,101913.998,10.0,0.0097,0
1666133708,14317544,False,33622,101736.67,34.21,0.0079,0
1666133716,14317545,True,14721,101885.62,15.0,0.0094,0
1666133798,14317546,False,109458,101752.062,111.38,0.0081,2
1666133822,14317547,False,366447,101756.822,372.88,0.0081,2
1666133826,14317548,False,28327,101756.822,28.82,0.0081,0
1666133844,14317549,True,36965,101885.62,37.66,0.0094,0
1666133844,14317550,True,286927,101885.62,292.34,0.0094,2
1666133847,14317551,False,320000,101756.842,325.62,0.0081,2
1666133874,14317552,True,2944,101885.62,3.0,0.0094,0
1666133944,14317553,False,43780,101769.341,44.55,0.0083,0
1666133988,14317554,True,48987,101841.96,49.89,0.009,0
1666134064,14317555,True,15067296,101841.96,15344.83,0.009,2
1666134195,14317556,False,46070,101777.194,46.89,0.0083,0
1666134235,14317557,True,4908,101858.59,5.0,0.0091,0
1666134307,14317558,False,68090,101789.84,69.31,0.0085,0
1666134345,14317559,True,11035,101855.367,11.24,0.0091,0
1666134363,14317560,True,98254,101776.36,100.0,0.0083,2
1666134386,14317561,False,2380,101776.02,2.42,0.0083,0
1666134392,14317562,True,4578,101779.97,4.66,0.0084,0
1666134414,14317563,True,3930,101779.97,4.0,0.0084,0
1666134545,14317564,True,15000032,101916.0,15287.43,0.0097,2
1666134558,14317565,True,49056,101924.09,50.0,0.0098,0
1666134780,14317566,False,16318,101824.421,16.62,0.0088,0
1666134786,14317567,True,7303,101872.02,7.44,0.0093,0
1666134803,14317568,True,8932,101872.02,9.1,0.0093,0
1666134880,14317569,True,49040,101957.18,50.0,0.01,0
1666134883,14317570,False,3450,101933.228,3.52,0.0099,0
1666134900,14317571,True,800000,102000.0,816.0,0.011,2
1666134900,14317572,True,27757,102000.0,28.31,0.011,0
1666134900,14317573,True,190234,102000.0,194.04,0.011,2
1666134900,14317574,True,13982041,102009.89,14263.06,0.011,2
1666135020,14317575,False,2463,101920.067,2.51,0.0098,0
1666135037,14317576,True,98071,101966.61,100.0,0.01,2
1666135114,14317577,False,8700,101865.816,8.86,0.0092,0
1666135177,14317578,True,8634,101915.03,8.8,0.0097,0
1666135282,14317579,True,980,101899.52,1.0,0.0096,0
1666135297,14317580,True,5888,101899.52,6.0,0.0096,0
1666135337,14317581,False,41220,101887.608,42.0,0.0094,0
1666135343,14317582,True,54908,101987.377,56.0,0.01,0
1666135369,14317583,True,15815,101900.43,16.12,0.0096,0
1666135373,14317584,False,1550,101897.98,1.58,0.0095,0
1666135374,14317585,True,49067,101900.43,50.0,0.0096,0
1666135411,14317586,True,4042,101900.43,4.12,0.0096,0
1666135537,14317587,True,4631,101900.43,4.72,0.0096,0
1666135624,14317588,False,2500000,101849.907,2546.25,0.0091,2
1666135624,14317589,False,551000,101849.907,561.19,0.0091,2
1666135676,14317590,False,2250000,101846.653,2291.55,0.009,2
1666135676,14317591,False,1859328,101846.653,1893.66,0.009,2
1666135839,14317592,False,772810,101791.167,786.65,0.0085,2
1666135849,14317593,False,518750,101787.795,528.02,0.0084,2
1666135877,14317594,False,4740,101789.598,4.82,0.0085,0
1666135970,14317595,True,98168,101865.61,100.0,0.0092,2
1666135990,14317596,True,54866,101865.61,55.89,0.0092,0
1666136087,14317597,True,4905,101925.55,5.0,0.0098,0
1666136091,14317598,True,513482,101925.55,523.37,0.0098,2
1666136091,14317599,True,14486518,101925.55,14765.46,0.0098,2
1666136097,14317600,True,1890000,101935.837,1926.59,0.0099,2
1666136097,14317601,True,467532,101935.837,476.58,0.0099,2
1666136108,14317602,True,105995,101936.45,108.05,0.0099,2
1666136116,14317603,True,4905,101936.45,5.0,0.0099,0
1666136116,14317604,True,279379,101936.45,284.79,0.0099,2
1666136138,14317605,False,48118,101833.816,49.0,0.0089,0
1666136244,14317606,False,16940,101851.083,17.25,0.0091,0
1666136317,14317607,False,48038,101863.122,48.93,0.0092,0
1666136360,14317608,True,1961,101939.689,2.0,0.0099,0
1666136523,14317609,False,14737,101887.298,15.02,0.0094,0
1666136525,14317610,True,441655,101889.39,450.0,0.0094,2
1666136550,14317611,False,13987,101881.739,14.25,0.0094,0
1666136592,14317612,True,196300,101884.13,200.0,0.0094,2
1666136607,14317613,True,490878,101857.97,500.0,0.0091,2
1666136695,14317614,True,49087,101857.97,50.0,0.0091,0
1666136710,14317615,False,2320000,101824.839,2362.34,0.0088,2
1666136710,14317616,False,878999,101824.839,895.04,0.0088,2
1666136710,14317617,False,1879289,101823.328,1913.55,0.0088,2
1666136776,14317618,True,1000,101860.13,1.02,0.0092,0
1666136817,14317619,True,109998,101860.13,112.04,0.0092,2
1666136818,14317620,True,294521,101860.13,300.0,0.0092,2
1666136827,14317621,True,14890089,101860.13,15167.06,0.0092,2
1666136865,14317622,True,980,101911.45,1.0,0.0097,0
1666136884,14317623,True,39249,101911.45,40.0,0.0097,0
1666136969,14317624,True,1770000,101971.91,1804.9,0.01,2
1666136969,14317625,True,13237445,101971.91,13498.48,0.01,2
1666136975,14317626,False,24323,101867.723,24.78,0.0092,0
1666137008,14317627,True,73543,101981.0,75.0,0.01,0
1666137016,14317628,False,194185,101873.622,197.82,0.0093,2
1666137184,14317629,True,191164,101974.88,194.94,0.01,2
1666137273,14317630,False,480259,101908.941,489.43,0.0096,2
1666137282,14317631,False,29490,101912.311,30.05,0.0097,0
1666137332,14317632,True,196136,101969.807,200.0,0.01,2
1666137525,14317633,True,490888,101856.16,500.0,0.0091,2
1666137532,14317634,False,990,101849.99,1.01,0.0091,0
1666137595,14317635,True,49087,101856.16,50.0,0.0091,0
1666137647,14317636,True,19360,101856.16,19.72,0.0091,0
1666137681,14317637,True,3901609,101856.16,3974.03,0.0091,2
1666137749,14317638,True,98146,101888.7,100.0,0.0094,2
1666137768,14317639,False,100000,101849.99,101.85,0.0091,2
1666137775,14317640,False,15930,101850.0,16.22,0.0091,0
1666137789,14317641,True,9814,101888.7,10.0,0.0094,0
1666137870,14317642,True,111309,101949.44,113.48,0.01,2
1666137887,14317643,False,269308,101851.8,274.3,0.0091,2
1666137900,14317644,True,38864,101892.96,39.6,0.0095,0
1666137934,14317645,True,981422,101892.96,1000.0,0.0095,2
1666137949,14317646,True,1472133,101892.96,1500.0,0.0095,2
1666138020,14317647,True,99134,101881.79,101.0,0.0094,2
1666138036,14317648,False,10,101849.99,0.01,0.0091,0
1666138036,14317649,False,48020,101800.0,48.88,0.0086,0
1666138079,14317650,True,9815,101881.79,10.0,0.0094,0
1666138375,14317651,False,1000,101799.99,1.02,0.0086,0
1666138375,14317652,False,39072,101776.02,39.77,0.0083,0
1666138436,14317653,False,73548,101776.02,74.85,0.0083,0
1666138520,14317654,False,1000,101749.99,1.02,0.0081,0
1666138520,14317655,False,13282,101699.99,13.51,0.0076,0
1666138527,14317656,False,89480,101699.99,91.0,0.0076,0
1666138549,14317657,True,11061,101700.0,11.25,0.0076,0
1666138557,14317658,True,9832,101700.0,10.0,0.0076,0
1666138644,14317659,True,4916,101699.999,5.0,0.0076,0
1666138672,14317660,True,368731,101699.999,375.0,0.0076,2
1666138830,14317661,True,1474,101699.998,1.5,0.0076,0
1666138931,14317662,True,98328,101699.997,100.0,0.0076,2
1666138949,14317663,False,1000,101699.99,1.02,0.0076,0
1666138949,14317664,False,1687620,101690.794,1716.15,0.0075,2
1666139060,14317665,False,96418,101690.794,98.05,0.0075,0
1666139138,14317666,True,9833731,101690.798,10000.0,0.0075,2
1666139171,14317667,True,147505,101690.798,150.0,0.0075,2
1666139195,14317668,True,97262,101690.796,98.91,0.0075,0
1666139238,14317669,False,340020,101690.794,345.77,0.0075,2
1666139322,14317670,False,14830,101690.794,15.08,0.0075,0
1666139345,14317671,True,4916,101690.8,5.0,0.0075,0
1666139350,14317672,True,98347,101690.8,100.01,0.0075,2
1666139361,14317673,True,1809,101690.8,1.84,0.0075,0
1666139459,14317674,False,13430,101690.794,13.66,0.0075,0
1666139461,14317675,True,15000032,101690.8,15253.65,0.0075,2
1666139484,14317676,False,48030,101690.794,48.84,0.0075,0
1666139667,14317677,True,5378,101699.73,5.47,0.0076,0
1666139767,14317678,True,3686,101690.81,3.75,0.0075,0
1666139791,14317679,False,77270,101690.8,78.58,0.0075,0
1666139819,14317680,False,608367,101690.8,618.65,0.0075,2
1666139819,14317681,False,90181,101690.794,91.71,0.0075,0
1666139819,14317682,False,292692,101650.119,297.52,0.0071,2
1666139831,14317683,False,128720,101651.124,130.85,0.0071,2
1666139845,14317684,False,17750,101654.492,18.04,0.0071,0
1666139860,14317685,True,17615,101727.134,17.92,0.0078,0
1666139877,14317686,True,9835,101669.64,10.0,0.0073,0
1666139916,14317687,True,11163,101669.64,11.35,0.0073,0
1666139951,14317688,False,1000,101649.99,1.02,0.0071,0
1666139951,14317689,False,58250,101606.059,59.19,0.0066,0
1666139969,14317690,True,10966,101669.64,11.15,0.0073,0
1666140017,14317691,True,99340,101669.64,101.0,0.0073,2
1666140265,14317692,True,49184,101656.08,50.0,0.0071,0
1666140272,14317693,True,20284,101656.08,20.62,0.0071,0
1666140379,14317694,True,9837,101656.09,10.0,0.0071,0
1666140385,14317695,False,12777,101651.896,12.99,0.0071,0
1666140403,14317696,False,100000,101610.195,101.61,0.0067,2
1666140431,14317697,False,4882,101611.54,4.96,0.0067,0
1666140441,14317698,True,1514911,101656.09,1540.0,0.0071,2
1666140473,14317699,True,245927,101656.09,250.0,0.0071,2
1666140534,14317700,True,19379,101656.09,19.7,0.0071,0
1666140549,14317701,True,24998,101726.098,25.43,0.0078,0
1666140594,14317702,True,2213,101627.99,2.25,0.0069,0
1666140650,14317703,False,73982,101600.623,75.17,0.0066,0
1666140709,14317704,True,2705,101627.99,2.75,0.0069,0
1666140721,14317705,True,5923,101627.99,6.02,0.0069,0
1666140766,14317706,True,9839,101627.99,10.0,0.0069,0
1666140823,14317707,False,68280,101608.928,69.38,0.0067,0
1666140835,14317708,True,69304,101624.07,70.43,0.0068,0
1666140848,14317709,True,4636,101624.07,4.71,0.0068,0
1666140848,14317710,True,192165,101625.48,195.29,0.0068,2
1666140932,14317711,False,1000,101599.99,1.02,0.0066,0
1666140932,14317712,False,1000,101549.99,1.02,0.0061,0
1666140932,14317713,False,219939,101526.95,223.3,0.0059,2
1666140990,14317714,False,95245,101570.593,96.74,0.0063,0
1666141065,14317715,True,15000032,101529.56,15229.47,0.0059,2
1666141127,14317716,True,3444302,101617.08,3500.0,0.0068,2
1666141143,14317717,False,255177,101523.084,259.06,0.0058,2
1666141224,14317718,True,1850000,101601.187,1879.62,0.0066,2
1666141224,14317719,True,278597,101601.187,283.06,0.0066,2
1666141341,14317720,True,3192,101502.45,3.24,0.0056,0
1666141410,14317721,True,1477,101500.01,1.5,0.0056,0
1666141475,14317722,False,11600,101500.0,11.77,0.0056,0
1666141505,14317723,True,17733,101500.01,18.0,0.0056,0
1666141599,14317724,True,3940885,101500.01,4000.0,0.0056,2
1666141677,14317725,True,23652,101555.77,24.02,0.0061,0
1666141691,14317726,False,8860,101500.127,8.99,0.0056,0
1666141763,14317727,True,24800,101587.809,25.19,0.0065,0
1666141763,14317728,True,3980638,101616.79,4045.0,0.0067,2
1666141792,14317729,True,29484,101612.41,29.96,0.0067,0
1666141799,14317730,False,33622,101518.36,34.13,0.0058,0
1666141920,14317731,False,5085,101538.729,5.16,0.006,0
1666141999,14317732,False,900226,101548.748,914.17,0.0061,2
1666141999,14317733,True,8863,101612.41,9.01,0.0067,0
1666142016,14317734,True,8847,101612.41,8.99,0.0067,0
1666142145,14317735,False,161900,101576.073,164.45,0.0063,2
1666142186,14317736,True,94378,101612.41,95.9,0.0067,0
1666142317,14317737,False,48270,101670.369,49.08,0.0073,0
1666142327,14317738,True,125660,101673.84,127.76,0.0073,2
1666142363,14317739,True,4355153,101718.58,4430.0,0.0078,2
1666142464,14317740,True,19387,101716.68,19.72,0.0077,0
1666142566,14317741,True,983,101696.16,1.0,0.0075,0
1666142579,14317742,False,96810,101647.056,98.4,0.007,0
1666142843,14317743,True,49151,101724.929,50.0,0.0078,0
1666142879,14317744,True,8004,101675.82,8.14,0.0073,0
1666142899,14317745,True,2950554,101675.82,3000.0,0.0073,2
1666142950,14317746,False,11750,101571.657,11.93,0.0063,0
1666143023,14317747,True,196736,101658.613,200.0,0.0072,2
1666143050,14317748,True,395942,101649.875,402.47,0.0071,2
1666143120,14317749,False,41618,101570.233,42.27,0.0063,0
1666143143,14317750,True,49179,101668.971,50.0,0.0073,0
1666143218,14317751,False,240855,101619.875,244.76,0.0068,2
1666143373,14317752,True,2702526,101675.0,2747.79,0.0073,2
1666143393,14317753,True,253895,101805.61,258.48,0.0086,2
1666143396,14317754,True,145729,101804.206,148.36,0.0086,2
1666143512,14317755,True,11772,101845.274,11.99,0.009,0
1666143563,14317756,False,130898,101734.338,133.17,0.0079,2
1666143623,14317757,False,2435880,101750.213,2478.51,0.0081,2
1666143703,14317758,False,94690,101736.314,96.33,0.0079,0
1666143745,14317759,True,5007,101843.944,5.1,0.009,0
1666143764,14317760,True,1963,101838.121,2.0,0.0089,0
1666144061,14317761,True,1064000,101846.684,1083.65,0.009,2
1666144061,14317762,True,1041003,101847.011,1060.23,0.009,2
1666144075,14317763,True,263485,101846.094,268.35,0.009,2
1666144080,14317764,False,1390000,101785.374,1414.82,0.0084,2
1666144080,14317765,False,314000,101785.374,319.61,0.0084,2
1666144080,14317766,False,346000,101785.272,352.18,0.0084,2
1666144080,14317767,False,342000,101783.967,348.1,0.0084,2
1666144080,14317768,False,386000,101783.841,392.89,0.0084,2
1666144080,14317769,False,7344907,101777.991,7475.5,0.0083,2
1666144086,14317770,False,125660,101787.687,127.91,0.0084,2
1666144116,14317771,True,61680,101912.902,62.86,0.0097,0
1666144132,14317772,True,980,101899.063,1.0,0.0095,0
1666144229,14317773,True,1442,101914.915,1.47,0.0097,0
1666144258,14317774,True,110049,101898.59,112.14,0.0095,2
1666144260,14317775,False,9617,101760.722,9.79,0.0082,0
1666144309,14317776,True,139771,101873.471,142.39,0.0093,2
1666144310,14317777,True,2836,101873.471,2.89,0.0093,0
1666144316,14317778,False,1005670,101772.796,1023.5,0.0083,2
1666144424,14317779,True,54507,101820.685,55.5,0.0088,0
1666144451,14317780,False,109454,101751.703,111.37,0.0081,2
1666144462,14317781,True,981502,101884.58,1000.0,0.0094,2
1666144517,14317782,False,836781,101769.446,851.59,0.0083,2
1666144657,14317783,True,196311,101878.827,200.0,0.0093,2
1666144802,14317784,True,1595000,101880.84,1625.0,0.0094,2
1666144802,14317785,True,988000,101880.996,1006.58,0.0094,2
1666144802,14317786,True,1148000,101881.303,1169.6,0.0094,2
1666144802,14317787,True,1629999,101881.542,1660.67,0.0094,2
1666144802,14317788,True,988000,101881.551,1006.59,0.0094,2
1666144802,14317789,True,12370000,101881.883,12602.79,0.0094,2
1666144802,14317790,True,31626551,101881.934,32221.74,0.0094,1
1666144802,14317791,True,957000,101882.392,975.01,0.0094,2
1666144802,14317792,True,1211000,101882.466,1233.8,0.0094,2
1666144802,14317793,True,2208000,101882.538,2249.57,0.0094,2
1666144802,14317794,True,1237000,101882.748,1260.29,0.0094,2
1666144802,14317795,True,2186000,101883.711,2227.18,0.0094,2
1666144802,14317796,True,11739000,101883.803,11960.14,0.0094,2
1666144802,14317797,True,1199000,101883.857,1221.59,0.0094,2
1666144802,14317798,True,1718000,101884.113,1750.37,0.0094,2
1666145015,14317799,True,980,101916.502,1.0,0.0097,0
1666145018,14317800,True,981195,101916.502,1000.0,0.0097,2
1666145112,14317801,True,10435,101865.51,10.63,0.0092,0
1666145147,14317802,True,9041666,101865.51,9210.34,0.0092,2
1666145264,14317803,True,980,101865.49,1.0,0.0092,0
1666145397,14317804,True,2748,101865.468,2.8,0.0092,0
1666145411,14317805,True,39777,101865.459,40.52,0.0092,0
1666145503,14317806,True,48132,101802.581,49.0,0.0086,0
1666145518,14317807,False,1216000,101636.377,1235.9,0.0069,2
1666145518,14317808,False,35343,101636.314,35.92,0.0069,0
1666145536,14317809,True,358000,101790.178,364.41,0.0085,2
1666145536,14317810,True,366000,101791.599,372.56,0.0085,2
1666145536,14317811,True,366000,101791.625,372.56,0.0085,2
1666145536,14317812,True,426000,101792.193,433.63,0.0085,2
1666145536,14317813,True,439000,101792.775,446.87,0.0085,2
1666145536,14317814,True,2081224,101793.393,2118.55,0.0085,2
1666145542,14317815,False,3090,101652.839,3.14,0.0071,0
1666145614,14317816,False,95394,101689.068,97.01,0.0075,0
1666145637,14317817,False,1189530,101699.846,1209.75,0.0076,2
1666145653,14317818,True,1180616,101750.224,1201.28,0.0081,2
1666145684,14317819,False,12999,101723.522,13.22,0.0078,0
1666145705,14317820,True,12913,101750.24,13.14,0.0081,0
1666145746,14317821,False,6190,101742.241,6.3,0.008,0
1666145780,14317822,True,34380,101801.656,35.0,0.0086,0
1666145828,14317823,True,29469,101798.519,30.0,0.0085,0
1666145900,14317824,True,5265,101792.428,5.36,0.0085,0
1666145987,14317825,True,981,101785.506,1.0,0.0084,0
1666146073,14317826,True,98270,101759.54,100.0,0.0082,2
1666146097,14317827,True,196807,101759.531,200.27,0.0082,2
1666146126,14317828,True,7930,101758.068,8.07,0.0081,0
1666146285,14317829,False,31780,101702.237,32.32,0.0076,0
1666146399,14317830,True,1058328,101696.602,1076.28,0.0075,2
1666146449,14317831,True,25133,101696.602,25.56,0.0075,0
1666146521,14317832,True,12143,101696.602,12.35,0.0075,0
1666146658,14317833,True,19666,101696.586,20.0,0.0075,0
1666146702,14317834,False,29480,101688.459,29.98,0.0075,0
1666146714,14317835,False,2220,101688.459,2.26,0.0075,0
1666146767,14317836,True,255611,101716.978,260.0,0.0077,2
1666146972,14317837,False,48500,101699.98,49.32,0.0076,0
1666147024,14317838,True,9832,101699.948,10.0,0.0076,0
1666147045,14317839,True,37040,101699.934,37.67,0.0076,0
1666147073,14317840,True,983284,101699.931,1000.0,0.0076,2
1666147098,14317841,True,16941,101699.931,17.23,0.0076,0
1666147156,14317842,False,14410,101693.5,14.65,0.0075,0
1666147570,14317843,True,98408,101616.83,100.0,0.0067,2
1666147599,14317844,True,196817,101616.826,200.0,0.0067,2
1666147821,14317845,False,295489,101599.051,300.21,0.0066,2
1666147844,14317846,False,97344,101606.452,98.91,0.0066,0
1666147868,14317847,False,1104000,101612.713,1121.8,0.0067,2
1666147868,14317848,False,696232,101612.424,707.46,0.0067,2
1666147887,14317849,True,1229,101670.976,1.25,0.0073,0
1666147915,14317850,True,25080,101670.96,25.5,0.0073,0
1666148172,14317851,True,98233,101797.953,100.0,0.0085,2
1666148188,14317852,False,213614,101679.335,217.2,0.0074,2
1666148317,14317853,False,237807,101682.511,241.81,0.0074,2
1666148363,14317854,False,1920,101694.394,1.95,0.0075,0
1666148447,14317855,True,9825,101771.214,10.0,0.0083,0
1666148483,14317856,False,19225,101732.702,19.56,0.0079,0
1666148551,14317857,True,13114,101793.941,13.35,0.0085,0
1666148691,14317858,False,92970,101634.29,94.49,0.0069,0
1666148739,14317859,True,3833,101737.785,3.9,0.0079,0
1666148832,14317860,False,23760,101672.858,24.16,0.0073,0
1666148914,14317861,True,54095,101672.065,55.0,0.0073,0
1666149100,14317862,False,495710,101590.94,503.6,0.0065,2
1666149229,14317863,True,15737,101666.911,16.0,0.0072,0
1666149231,14317864,True,29507,101666.911,30.0,0.0072,0
1666149366,14317865,True,147540,101666.913,150.0,0.0072,2
1666149476,14317866,True,19676,101642.637,20.0,0.007,0
1666149661,14317867,True,476026,101699.97,484.12,0.0076,2
1666149707,14317868,True,1474554,101729.0,1500.05,0.0079,2
1666149847,14317869,True,88392,101818.977,90.0,0.0088,0
1666149860,14317870,True,5892,101818.967,6.0,0.0088,0
1666150257,14317871,False,36040,101631.663,36.63,0.0069,0
1666150570,14317872,True,6299,101756.61,6.41,0.0081,0
1666150782,14317873,True,9453,101757.555,9.62,0.0081,0
1666151060,14317874,True,9607,101798.63,9.78,0.0086,0
1666151201,14317875,True,48278,101799.55,49.15,0.0086,0
1666151201,14317876,True,835660,101818.01,850.85,0.0087,2
1666151406,14317877,False,97481,101798.523,99.23,0.0085,0
1666151639,14317878,True,9822,101804.452,10.0,0.0086,0
1666151818,14317879,True,120652,101804.456,122.83,0.0086,2
1666151877,14317880,False,2950,101803.685,3.0,0.0086,0
1666152168,14317881,True,982645,101766.12,1000.0,0.0082,2
1666152244,14317882,True,89390,101800.566,91.0,0.0086,0
1666152505,14317883,False,148560,101620.703,150.97,0.0068,2
1666152603,14317884,True,29474,101778.783,30.0,0.0084,0
1666152939,14317885,True,1700000,101723.335,1729.3,0.0078,2
1666153211,14317886,True,294644,101817.521,300.0,0.0087,2
1666153360,14317887,False,48030,101729.804,48.86,0.0079,0
1666153442,14317888,True,98196,101836.669,100.0,0.0089,2
1666153561,14317889,True,49105,101820.834,50.0,0.0088,0
1666153587,14317890,True,196778,101814.984,200.35,0.0087,2
1666153647,14317891,False,3870,101661.518,3.93,0.0072,0
1666154106,14317892,False,3964,101670.606,4.03,0.0073,0
1666154159,14317893,True,98324,101704.487,100.0,0.0076,2
1666154314,14317894,True,2644,101704.494,2.69,0.0076,0
1666154457,14317895,False,22020,101695.181,22.39,0.0075,0
1666154816,14317896,False,9830,101695.181,10.0,0.0075,0
1666155050,14317897,False,914000,101725.585,929.77,0.0078,2
1666155050,14317898,False,10619000,101725.064,10802.18,0.0078,2
1666155090,14317899,True,119353,101725.0,121.41,0.0078,2
1666155331,14317900,False,719000,101721.111,731.37,0.0078,2
1666155331,14317901,False,1525000,101721.111,1551.25,0.0078,2
1666155331,14317902,False,1593000,101721.111,1620.42,0.0078,2
1666155331,14317903,False,8734000,101721.111,8884.32,0.0078,2
1666155331,14317904,False,407210,101721.111,414.22,0.0078,2
1666155564,14317905,True,63899,101723.02,65.0,0.0078,0
1666155621,14317906,True,117967,101723.02,120.0,0.0078,2
1666155919,14317907,True,245768,101721.13,250.0,0.0078,2
1666156014,14317908,False,4936000,101721.119,5020.95,0.0078,2
1666156014,14317909,False,7375900,101721.119,7502.85,0.0078,2
1666156046,14317910,False,528000,101645.449,536.69,0.007,2
1666156046,14317911,False,4947605,101643.977,5028.94,0.007,2
1666156256,14317912,False,63451,101719.933,64.54,0.0078,0
1666156334,14317913,True,98236,101795.21,100.0,0.0085,2
1666156463,14317914,True,29454,101848.98,30.0,0.009,0
1666156670,14317915,True,1965,101779.64,2.0,0.0084,0
1666157558,14317916,True,378094,101823.7,384.99,0.0088,2
1666159531,14317917,False,21937,101620.7,22.29,0.0068,0
1666159748,14317918,True,13118680,101620.71,13331.3,0.0068,2
1666160092,14317919,True,9831,101712.548,10.0,0.0077,0
1666160760,14317920,False,1976,101620.7,2.01,0.0068,0
1666160760,14317921,False,1511028,101566.737,1534.7,0.0063,2
1666161656,14317922,False,2359753,101500.0,2395.15,0.0056,2
1666161656,14317923,False,693211,101500.0,703.61,0.0056,2
1666161656,14317924,False,2550975,101500.0,2589.24,0.0056,2
1666161681,14317925,False,96849,101435.36,98.24,0.005,0
1666161703,14317926,False,262465,101369.36,266.06,0.0043,2
1666161803,14317927,True,15000032,101134.07,15170.14,0.002,2
1666161928,14317928,True,15007501,101285.98,15200.49,0.0035,2
1666161955,14317929,True,7955627,101300.5,8059.09,0.0036,2
1666162053,14317930,True,9866,101350.332,10.0,0.0041,0
1666162079,14317931,True,15000000,101350.332,15202.55,0.0041,2
1666162758,14317932,False,4000000,101319.859,4052.79,0.0038,2
1666162806,14317933,True,49335,101346.53,50.0,0.0041,0
1666163159,14317934,True,1000,101326.339,1.01,0.0039,0
1666163174,14317935,True,1000,101326.327,1.01,0.0039,0
1666163250,14317936,True,12845768,101384.398,13023.6,0.0044,2
1666164499,14317937,False,1000,101500.0,1.02,0.0056,0
1666164516,14317938,False,1000,101499.99,1.01,0.0056,0
1666164888,14317939,False,1000,101449.99,1.01,0.0051,0
1666165076,14317940,True,1000,101450.0,1.01,0.0051,0
1666165440,14317941,True,492336,101556.635,500.0,0.0062,2
1666165491,14317942,True,876,101556.564,0.89,0.0062,0
1666165507,14317943,False,1000,101550.0,1.02,0.0061,0
1666165513,14317944,False,1000,101549.99,1.02,0.0061,0
1666165710,14317945,False,1000,101539.99,1.02,0.006,0
1666165914,14317946,False,119353,101500.0,121.14,0.0056,2
1666165922,14317947,False,1650646,101500.0,1675.41,0.0056,2
1666165922,14317948,False,1000,101500.0,1.02,0.0056,0
1666165925,14317949,True,797,101499.997,0.81,0.0056,0
1666165946,14317950,False,1000,101499.99,1.01,0.0056,0
1666166025,14317951,False,59175,101489.99,60.06,0.0055,0
1666166190,14317952,True,9870,101509.742,10.02,0.0057,0
1666166206,14317953,False,1000,101489.99,1.01,0.0055,0
1666166206,14317954,False,1000,101479.99,1.01,0.0054,0
1666166206,14317955,False,1000,101469.99,1.01,0.0053,0
1666166206,14317956,False,102560,101460.276,104.06,0.0052,2
1666166507,14317957,False,47798,101509.74,48.52,0.0057,0
1666166983,14317958,False,1000,101459.99,1.01,0.0052,0
1666167020,14317959,False,1000,101449.99,1.01,0.0051,0
1666167180,14317960,False,1000,101439.99,1.01,0.005,0
1666167218,14317961,False,1000,101429.99,1.01,0.0049,0
1666167414,14317962,False,1000,101419.99,1.01,0.0048,0
1666167587,14317963,True,37280,101419.767,37.81,0.0048,0
1666167665,14317964,False,1000,101409.99,1.01,0.0047,0
1666167665,14317965,False,1000,101400.01,1.01,0.0046,0
1666167665,14317966,False,1000,101400.0,1.01,0.0046,0
1666167665,14317967,False,1000,101399.99,1.01,0.0046,0
1666167665,14317968,False,1000,101349.99,1.01,0.0041,0
1666167665,14317969,False,1000,101300.01,1.01,0.0036,0
1666167665,14317970,False,1000,101300.0,1.01,0.0036,0
1666167665,14317971,False,1000,101299.99,1.01,0.0036,0
1666167665,14317972,False,1000,101299.99,1.01,0.0036,0
1666167665,14317973,False,1000,101249.99,1.01,0.0031,0
1666167665,14317974,False,25675,101217.319,25.99,0.0028,0
1666167734,14317975,False,55329,101151.307,55.97,0.0021,0
1666167783,14317976,False,64481,101163.768,65.23,0.0023,0
1666167788,14317977,False,32179,101165.077,32.55,0.0023,0
1666168029,14317978,True,1615000,101159.067,1633.72,0.0022,2
1666168029,14317979,True,984999,101159.067,996.42,0.0022,2
1666168029,14317980,True,3982692,101159.067,4028.85,0.0022,2
1666168065,14317981,True,1617000,101159.04,1635.74,0.0022,2
1666168065,14317982,True,1780000,101159.04,1800.63,0.0022,2
1666168065,14317983,True,1788803,101159.04,1809.54,0.0022,2
1666168228,14317984,True,115569,101158.927,116.91,0.0022,2
1666168545,14317985,False,161120,101172.931,163.01,0.0024,2
1666168580,14317986,True,9882,101190.551,10.0,0.0025,0
1666168612,14317987,True,19764,101190.551,20.0,0.0025,0
1666168631,14317988,True,9783092,101190.551,9899.56,0.0025,2
1666168737,14317989,True,19769,101168.089,20.0,0.0023,0
1666168793,14317990,True,1002577,101212.229,1014.73,0.0027,2
1666169324,14317991,False,52340,101151.778,52.94,0.0021,0
1666169345,14317992,True,6823,101260.851,6.91,0.0032,0
1666169372,14317993,True,4291205,101260.848,4345.31,0.0032,2
1666169635,14317994,True,325328,101396.005,329.87,0.0046,2
1666170046,14317995,True,6907,101337.128,7.0,0.004,0
1666170179,14317996,False,12480,101289.315,12.64,0.0035,0
1666170208,14317997,True,7034783,101431.706,7135.5,0.0049,2
1666170447,14317998,True,985,101420.327,1.0,0.0048,0
1666170582,14317999,True,14350482,101420.318,14554.3,0.0048,2
1666170752,14318000,True,1610000,101533.35,1634.69,0.0059,2
1666170752,14318001,True,33,101533.35,0.03,0.0059,0
1666170813,14318002,True,1123033,101533.35,1140.25,0.0059,2
1666170821,14318003,False,248263,101508.329,252.01,0.0057,2
1666170896,14318004,True,1910000,101580.785,1940.19,0.0064,2
1666170896,14318005,True,13090529,101580.785,13297.46,0.0064,2
1666170900,14318006,True,5007873,101574.62,5086.73,0.0063,2
1666171117,14318007,False,220000,101586.333,223.49,0.0064,2
1666171291,14318008,False,111490,101547.649,113.22,0.0061,2
1666171330,14318009,True,99464,101542.588,101.0,0.006,2
1666171359,14318010,False,51516,101534.981,52.31,0.0059,0
1666171623,14318011,False,67960,101502.116,68.98,0.0056,0
1666171949,14318012,True,5949,101514.96,6.04,0.0057,0
1666172130,14318013,True,8058,101514.96,8.18,0.0057,0
1666172130,14318014,True,41186,101537.206,41.82,0.006,0
1666172224,14318015,True,15000032,101537.21,15230.62,0.006,2
1666172284,14318016,False,564000,101543.039,572.7,0.006,2
1666172284,14318017,False,7314880,101542.921,7427.74,0.006,2
1666172688,14318018,False,492400,101625.108,500.4,0.0068,2
1666172699,14318019,True,11485298,101675.665,11677.75,0.0073,2
1666172749,14318020,False,24850,101657.988,25.26,0.0072,0
1666172795,14318021,False,588173,101667.12,597.98,0.0072,2
1666173078,14318022,True,11429002,101723.216,11625.95,0.0078,2
1666173083,14318023,True,3336747,101723.216,3394.25,0.0078,2
1666173152,14318024,False,1900000,101701.8,1932.33,0.0076,2
1666173152,14318025,False,684000,101701.8,695.64,0.0076,2
1666173152,14318026,False,1562558,101701.297,1589.14,0.0076,2
1666173249,14318027,False,496550,101749.756,505.24,0.0081,2
1666173271,14318028,True,147406,101759.1,150.0,0.0082,2
1666173293,14318029,False,14410,101749.756,14.66,0.0081,0
1666173293,14318030,True,737034,101759.1,750.0,0.0082,2
1666173342,14318031,True,963058,101759.098,980.0,0.0082,2
1666173486,14318032,True,15000000,101759.088,15263.86,0.0082,2
1666173513,14318033,True,4910,101829.766,5.0,0.0089,0
1666173602,14318034,True,49104,101824.345,50.0,0.0088,0
1666173625,14318035,True,98208,101824.345,100.0,0.0088,2
1666173746,14318036,True,4006,101824.35,4.08,0.0088,0
1666173817,14318037,False,199367,101695.32,202.75,0.0075,2
1666173956,14318038,True,18896557,101798.48,19236.41,0.0085,2
1666173956,14318039,True,1732434,101798.483,1763.59,0.0085,2
1666174029,14318040,False,142843,101777.989,145.38,0.0083,2
1666174121,14318041,False,34880,101788.92,35.5,0.0085,0
1666174149,14318042,True,4418634,101841.415,4500.0,0.009,2
1666174218,14318043,True,1316,101808.018,1.34,0.0086,0
1666174277,14318044,False,162920,101807.613,165.86,0.0086,2
1666174294,14318045,True,153612,101807.986,156.39,0.0086,2
1666174309,14318046,False,29590,101702.847,30.09,0.0076,0
1666174349,14318047,False,86730,101721.646,88.22,0.0078,0
1666174395,14318048,False,577770,101740.761,587.83,0.008,2
1666174445,14318049,False,2180000,101576.485,2214.37,0.0063,2
1666174445,14318050,False,4740000,101576.485,4814.73,0.0063,2
1666174445,14318051,False,624000,101576.485,633.84,0.0063,2
1666174445,14318052,False,504000,101575.899,511.94,0.0063,2
1666174445,14318053,False,2540000,101575.007,2580.01,0.0063,2
1666174445,14318054,False,5000000,101575.007,5078.75,0.0063,2
1666174445,14318055,False,644000,101574.997,654.14,0.0063,2
1666174445,14318056,False,520000,101574.382,528.19,0.0063,2
1666174445,14318057,False,1735000,101573.809,1762.31,0.0063,2
1666174445,14318058,False,8866116,101573.571,9005.63,0.0063,2
1666174445,14318059,False,531000,101573.313,539.35,0.0063,2
1666174445,14318060,False,520498,101542.92,528.53,0.006,2
1666174445,14318061,False,682449,101381.0,691.87,0.0044,2
1666174492,14318062,False,34681,101593.7,35.23,0.0065,0
1666174604,14318063,True,3812,101760.356,3.88,0.0082,0
1666174688,14318064,False,176090,101686.962,179.06,0.0074,2
1666174690,14318065,False,51382,101686.962,52.25,0.0074,0
1666174757,14318066,False,25319,101590.156,25.72,0.0065,0
1666175044,14318067,True,2054792,101672.036,2089.15,0.0073,2
1666175112,14318068,True,506418,101694.426,515.0,0.0075,2
1666175131,14318069,True,20158,101694.415,20.5,0.0075,0
1666175197,14318070,False,48030,101688.28,48.84,0.0075,0
1666175257,14318071,False,921000,101677.068,936.45,0.0073,2
1666175257,14318072,False,959999,101676.958,976.1,0.0073,2
1666175257,14318073,False,1000000,101671.01,1016.71,0.0073,2
1666175257,14318074,False,21637,101671.0,22.0,0.0073,0
1666175257,14318075,False,272052,101521.388,276.19,0.0058,2
1666175269,14318076,False,840000,101679.405,854.11,0.0074,2
1666175269,14318077,False,1723215,101525.556,1749.5,0.0058,2
1666175333,14318078,False,499802,101553.713,507.57,0.0061,2
1666175362,14318079,True,6642,101686.373,6.75,0.0074,0
1666175468,14318080,True,737980,101628.695,750.0,0.0069,2
1666175606,14318081,False,598620,101476.585,607.46,0.0054,2
1666175615,14318082,True,49231,101561.294,50.0,0.0062,0
1666175618,14318083,False,762000,101482.125,773.29,0.0054,2
1666175618,14318084,False,108388,101481.232,109.99,0.0054,2
1666175722,14318085,True,196932,101557.498,200.0,0.0062,2
1666175746,14318086,True,1537929,101557.487,1561.88,0.0062,2
1666175812,14318087,True,6892647,101557.487,7000.0,0.0062,2
1666175833,14318088,True,12347,101557.487,12.54,0.0062,0
1666175852,14318089,False,288240,101557.48,292.73,0.0062,2
1666175888,14318090,True,2391328,101557.487,2428.57,0.0062,2
1666175888,14318091,True,49720,101593.33,50.51,0.0065,0
1666175899,14318092,True,246079,101593.324,250.0,0.0065,2
1666175911,14318093,True,1567571,101593.324,1592.55,0.0065,2
1666176010,14318094,False,3786,101557.48,3.84,0.0062,0
1666176129,14318095,True,49232,101557.906,50.0,0.0062,0
1666176151,14318096,False,1096214,101557.48,1113.29,0.0062,2
1666176184,14318097,True,1478604,101446.974,1500.0,0.0051,2
1666176195,14318098,True,19714,101446.971,20.0,0.0051,0
1666176200,14318099,True,2904,101446.971,2.95,0.0051,0
1666176229,14318100,False,62630,101428.57,63.52,0.0049,0
1666176250,14318101,False,47830,101437.283,48.52,0.005,0
1666176282,14318102,False,43380,101390.287,43.98,0.0045,0
1666176289,14318103,True,2809,101431.867,2.85,0.0049,0
1666176291,14318104,True,319012,101431.867,323.58,0.0049,2
1666176383,14318105,False,63966,101293.808,64.79,0.0035,0
1666176400,14318106,True,123575,101407.628,125.31,0.0047,2
1666176407,14318107,False,37068,101303.379,37.55,0.0036,0
1666176516,14318108,True,1299711,101407.624,1318.01,0.0047,2
1666176709,14318109,True,1211,101518.23,1.23,0.0058,0
1666176719,14318110,True,1530001,101518.23,1553.23,0.0058,2
1666176735,14318111,True,9846,101560.041,10.0,0.0062,0
1666176815,14318112,True,9850,101520.949,10.0,0.0058,0
1666176832,14318113,False,369904,101392.587,375.06,0.0045,2
1666176862,14318114,True,4925,101520.916,5.0,0.0058,0
1666176987,14318115,True,32200,101520.882,32.69,0.0058,0
1666177084,14318116,False,1400000,101276.257,1417.87,0.0034,2
1666177134,14318117,True,1264517,101482.866,1283.27,0.0054,2
1666177238,14318118,True,3202,101482.837,3.25,0.0054,0
1666177245,14318119,False,154623,101389.589,156.77,0.0045,2
1666177271,14318120,True,98537,101482.837,100.0,0.0054,2
1666177382,14318121,True,9853,101482.828,10.0,0.0054,0
1666177466,14318122,False,30550,101475.208,31.0,0.0053,0
1666177546,14318123,False,197089,101478.713,200.0,0.0054,2
1666177589,14318124,True,59094,101531.874,60.0,0.0059,0
1666177662,14318125,True,492675,101486.504,500.0,0.0055,2
1666177687,14318126,True,5489759,101401.168,5566.68,0.0046,2
1666177687,14318127,True,5490143,101401.168,5567.07,0.0046,2
1666177687,14318128,True,2000000,101401.17,2028.02,0.0046,2
1666177687,14318129,True,2020131,101401.17,2048.44,0.0046,2
1666177701,14318130,True,2148499,101394.881,2178.47,0.0046,2
1666177711,14318131,True,10906225,101394.881,11058.35,0.0046,2
1666177714,14318132,False,2448,101279.155,2.48,0.0034,0
1666177798,14318133,True,17889,101401.17,18.14,0.0046,0
1666177944,14318134,False,51920,101372.749,52.63,0.0043,0
1666178021,14318135,False,47162,101280.896,47.77,0.0034,0
1666178033,14318136,True,4024,101367.981,4.08,0.0043,0
1666178044,14318137,True,493272,101363.857,500.0,0.0042,2
1666178059,14318138,True,14798,101362.575,15.0,0.0042,0
1666178071,14318139,False,7080,101293.15,7.17,0.0035,0
1666178108,14318140,True,24683,101321.912,25.01,0.0038,0
1666178157,14318141,False,659780,101280.909,668.23,0.0034,2
1666178222,14318142,True,36018,101310.31,36.49,0.0037,0
1666178235,14318143,True,19741,101310.31,20.0,0.0037,0
1666178268,14318144,False,119690,101262.665,121.2,0.0032,2
1666178282,14318145,False,10900,101265.528,11.04,0.0033,0
1666178343,14318146,True,9870,101310.31,10.0,0.0037,0
1666178515,14318147,False,9870,101284.921,10.0,0.0035,0
1666178581,14318148,False,3870,101283.379,3.92,0.0034,0
1666178592,14318149,True,296122,101309.58,300.0,0.0037,2
1666178664,14318150,False,33342,101316.279,33.78,0.0038,0
1666178671,14318151,False,564570,101323.046,572.04,0.0038,2
1666178840,14318152,False,46136,101292.848,46.73,0.0035,0
1666178913,14318153,False,13138084,101311.131,13310.34,0.0037,2
1666179187,14318154,True,10000000,101304.46,10130.45,0.0037,2
1666179192,14318155,True,5005033,101354.31,5072.82,0.0041,2
1666179232,14318156,True,18977927,101355.64,19235.2,0.0042,2
1666179269,14318157,True,49327,101364.35,50.0,0.0042,0
1666179310,14318158,False,145588,101356.143,147.56,0.0042,2
1666179372,14318159,True,249269,101408.28,252.78,0.0047,2
1666179401,14318160,True,26772,101408.28,27.15,0.0047,0
1666179433,14318161,True,2010000,101408.28,2038.31,0.0047,2
1666179433,14318162,True,12990033,101408.28,13172.97,0.0047,2
1666179434,14318163,True,10314,101408.28,10.46,0.0047,0
1666179546,14318164,False,67698,101405.0,68.65,0.0047,0
1666179546,14318165,False,514732,101345.056,521.66,0.0041,2
1666179552,14318166,True,9861,101405.01,10.0,0.0047,0
1666179566,14318167,True,69030,101405.01,70.0,0.0047,0
1666179712,14318168,True,9869,101327.14,10.0,0.0039,0
1666179772,14318169,True,493440,101307.31,499.89,0.0037,2
1666179806,14318170,False,86219,101307.296,87.35,0.0037,0
1666179825,14318171,True,925490,101307.31,937.59,0.0037,2
1666179856,14318172,False,5999990,101310.471,6078.62,0.0037,2
1666179858,14318173,False,11000,101310.471,11.14,0.0037,0
1666179866,14318174,False,62469,101310.481,63.29,0.0037,0
1666179889,14318175,False,722000,101316.147,731.5,0.0038,2
1666179889,14318176,False,4984272,101314.622,5049.8,0.0038,2
1666179899,14318177,True,19484121,101386.69,19754.31,0.0045,2
1666179996,14318178,False,9792,101388.78,9.93,0.0045,0
1666180047,14318179,True,2039890,101388.79,2068.22,0.0045,2
1666180220,14318180,True,147833,101465.49,150.0,0.0053,2
1666180244,14318181,True,985555,101465.49,1000.0,0.0053,2
1666180400,14318182,True,197111,101439.79,199.95,0.005,2
1666180414,14318183,False,42848,101439.78,43.46,0.005,0
1666180452,14318184,False,9263300,101439.78,9396.67,0.005,2
1666180455,14318185,True,1769859,101439.79,1795.34,0.005,2
1666180487,14318186,False,661000,101439.78,670.52,0.005,2
1666180487,14318187,False,1617457,101439.78,1640.74,0.005,2
1666180517,14318188,True,5589574,101439.79,5670.05,0.005,2
1666180522,14318189,True,7247864,101439.79,7352.22,0.005,2
1666180557,14318190,True,97959,101439.79,99.37,0.005,0
1666180601,14318191,False,1774999,101443.312,1800.62,0.005,2
1666180625,14318192,True,1689999,101515.0,1715.6,0.0057,2
1666180625,14318193,True,1742656,101515.0,1769.06,0.0057,2
1666180633,14318194,True,295428,101515.0,299.9,0.0057,2
1666180680,14318195,True,886568,101515.0,900.0,0.0057,2
1666180701,14318196,False,214160,101476.568,217.32,0.0054,2
1666180909,14318197,True,9697,101567.513,9.85,0.0063,0
1666180985,14318198,False,13701,101453.986,13.9,0.0051,0
1666181041,14318199,True,983,101691.49,1.0,0.0075,0
1666181042,14318200,True,8791,101691.49,8.94,0.0075,0
1666181218,14318201,False,5000000,101618.342,5080.92,0.0068,2
1666181236,14318202,True,52706,101808.586,53.66,0.0086,0
1666181298,14318203,False,52390,101645.044,53.25,0.007,0
1666181357,14318204,False,89208,101711.0,90.73,0.0077,0
1666181475,14318205,True,105262,101954.684,107.32,0.01,2
1666181488,14318206,False,979,101776.577,1.0,0.0083,0
1666181500,14318207,False,532000,101781.109,541.48,0.0084,2
1666181500,14318208,False,1280706,101780.327,1303.51,0.0084,2
1666181512,14318209,True,1720000,101952.682,1753.59,0.01,2
1666181512,14318210,True,320645,101952.682,326.91,0.01,2
1666181512,14318211,True,49984,101953.26,50.96,0.01,0
1666181512,14318212,True,2284000,101977.557,2329.17,0.01,2
1666181512,14318213,True,2308000,101979.495,2353.69,0.01,2
1666181512,14318214,True,2712000,101979.875,2765.69,0.01,2
1666181512,14318215,True,411837,101981.433,420.0,0.01,2
1666181552,14318216,False,979,101802.136,1.0,0.0086,0
1666181570,14318217,True,29401,102000.0,29.99,0.011,0
1666181570,14318218,True,29999,102000.0,30.6,0.011,0
1666181570,14318219,True,234700,102006.509,239.41,0.011,2
1666181607,14318220,False,51960,101860.352,52.93,0.0092,0
1666181700,14318221,False,3930,101904.837,4.0,0.0096,0
1666181706,14318222,False,24530,101907.425,25.0,0.0096,0
1666181725,14318223,True,9796,102080.132,10.0,0.011,0
1666181792,14318224,True,24281,102219.527,24.82,0.013,0
1666181794,14318225,False,5862000,102027.0,5980.82,0.011,2
1666181800,14318226,False,319987,102028.666,326.48,0.011,2
1666181951,14318227,True,201146,102179.402,205.53,0.012,2
1666182059,14318228,False,3021,102108.472,3.08,0.012,0
1666182281,14318229,False,33622,102014.417,34.3,0.011,0
1666182305,14318230,True,1957581,102166.893,2000.0,0.012,2
1666182340,14318231,True,2050000,102145.18,2093.98,0.012,2
1666182340,14318232,True,5563000,102145.288,5682.34,0.012,2
1666182340,14318233,True,10000000,102147.023,10214.7,0.012,2
1666182340,14318234,True,4903695,102147.024,5008.98,0.012,2
1666182355,14318235,True,88284,102140.313,90.17,0.012,0
1666182387,14318236,False,28998,101964.819,29.57,0.01,0
1666182467,14318237,False,76630,101991.361,78.16,0.01,0
1666182478,14318238,True,1958,102096.929,2.0,0.012,0
1666182601,14318239,True,3181,102151.98,3.25,0.012,0
1666182611,14318240,False,18520,102042.882,18.9,0.011,0
1666182727,14318241,False,91720,101909.43,93.47,0.0096,0
1666182731,14318242,False,1027570,101882.0,1046.91,0.0094,2
1666182760,14318243,True,166607,102036.155,170.0,0.011,2
1666182811,14318244,True,143969,102014.753,146.87,0.011,2
1666182823,14318245,True,2450,102013.045,2.5,0.011,0
1666182869,14318246,False,184860,101904.622,188.38,0.0096,2
1666182899,14318247,True,48974,102094.733,50.0,0.011,0
1666182914,14318248,True,10017,102120.498,10.23,0.012,0
1666182950,14318249,True,19590,102093.27,20.0,0.011,0
1666182980,14318250,True,4897,102085.494,5.0,0.011,0
1666182990,14318251,True,97966,102080.702,100.0,0.011,2
1666183055,14318252,True,36743,102060.237,37.5,0.011,0
1666183116,14318253,False,774470,101918.022,789.32,0.0097,2
1666183128,14318254,False,97030,101909.619,98.88,0.0097,0
1666183131,14318255,False,943970,101909.619,962.0,0.0097,2
1666183131,14318256,False,1009000,101908.606,1028.26,0.0096,2
1666183131,14318257,False,1262000,101887.57,1285.82,0.0094,2
1666183131,14318258,False,5814561,101886.484,5924.25,0.0094,2
1666183131,14318259,False,1159000,101886.484,1180.86,0.0094,2
1666183131,14318260,False,2270000,101886.151,2312.82,0.0094,2
1666183131,14318261,False,2796000,101883.85,2848.67,0.0094,2
1666183131,14318262,False,1450787,101882.0,1478.09,0.0094,2
1666183131,14318263,False,1038000,101845.652,1057.16,0.009,2
1666183131,14318264,False,1016000,101845.14,1034.75,0.009,2
1666183131,14318265,False,10888466,101844.0,11089.25,0.009,2
1666183218,14318266,True,116547,101942.767,118.81,0.01,2
1666183220,14318267,False,1629999,101762.957,1658.74,0.0082,2
1666183220,14318268,False,680000,101762.957,691.99,0.0082,2
1666183220,14318269,False,687000,101761.038,699.1,0.0082,2
1666183220,14318270,False,2029999,101743.25,2065.39,0.008,2
1666183220,14318271,False,6310000,101735.158,6419.49,0.0079,2
1666183220,14318272,False,6100000,101734.659,6205.81,0.0079,2
1666183220,14318273,False,843000,101734.602,857.62,0.0079,2
1666183220,14318274,False,2009000,101697.258,2043.1,0.0075,2
1666183220,14318275,False,9330050,101696.0,9488.29,0.0075,2
1666183231,14318276,False,10601,101762.911,10.79,0.0082,0
1666183349,14318277,True,148075,101914.165,150.91,0.0097,2
1666183361,14318278,True,8605,101913.321,8.77,0.0097,0
1666183477,14318279,False,191718,101824.273,195.22,0.0088,2
1666183481,14318280,False,507000,101823.356,516.24,0.0088,2
1666183481,14318281,False,517999,101821.796,527.44,0.0088,2
1666183481,14318282,False,512000,101809.142,521.26,0.0087,2
1666183481,14318283,False,589000,101803.955,599.63,0.0086,2
1666183481,14318284,False,5000000,101746.804,5087.34,0.008,2
1666183481,14318285,False,156828,101746.794,159.57,0.008,2
1666183481,14318286,False,1450000,101711.621,1474.82,0.0077,2
1666183481,14318287,False,582000,101710.855,591.96,0.0077,2
1666183481,14318288,False,1376000,101710.638,1399.54,0.0077,2
1666183481,14318289,False,598282,101709.0,608.51,0.0077,2
1666183511,14318290,False,358000,101753.505,364.28,0.0081,2
1666183511,14318291,False,150700,101753.347,153.34,0.0081,2
1666183527,14318292,True,9811,101917.045,10.0,0.0097,0
1666183595,14318293,True,24534,101893.659,25.0,0.0095,0
1666183908,14318294,True,980,101924.589,1.0,0.0098,0
1666183923,14318295,True,294351,101918.82,300.0,0.0097,2
1666184019,14318296,True,5453,101960.797,5.56,0.01,0
1666184038,14318297,False,47320,101798.615,48.17,0.0086,0
1666184059,14318298,False,139430,101804.899,141.95,0.0086,2
1666184059,14318299,True,98080,101957.055,100.0,0.01,2
1666184081,14318300,True,1961,101956.975,2.0,0.01,0
1666184142,14318301,True,34332,101942.895,35.0,0.01,0
1666184162,14318302,True,40651,101940.365,41.44,0.01,0
1666184247,14318303,False,286000,101772.71,291.07,0.0083,2
1666184247,14318304,False,295000,101768.705,300.22,0.0083,2
1666184247,14318305,False,289000,101763.998,294.1,0.0082,2
1666184247,14318306,False,27000,101763.916,27.48,0.0082,0
1666184270,14318307,True,709312,101898.632,722.78,0.0095,2
1666184343,14318308,False,312000,101792.444,317.59,0.0085,2
1666184343,14318309,False,266000,101791.869,270.77,0.0085,2
1666184343,14318310,False,277000,101790.767,281.96,0.0085,2
1666184343,14318311,False,333000,101790.583,338.96,0.0085,2
1666184343,14318312,False,271000,101788.648,275.85,0.0085,2
1666184343,14318313,False,761000,101787.579,774.6,0.0084,2
1666184343,14318314,False,140000,101726.198,142.42,0.0078,2
1666184343,14318315,False,1404530,101692.0,1428.29,0.0075,2
1666184364,14318316,True,43274,101917.795,44.1,0.0097,0
1666184390,14318317,True,2270000,101909.161,2313.34,0.0096,2
1666184390,14318318,True,248866,101909.161,253.62,0.0096,2
1666184412,14318319,True,2230000,101898.911,2272.35,0.0095,2
1666184412,14318320,True,3215000,101898.911,3276.05,0.0095,2
1666184412,14318321,True,2798137,101900.688,2851.32,0.0096,2
1666184620,14318322,True,332931,101822.686,339.0,0.0088,2
1666184652,14318323,False,98850,101641.305,100.47,0.007,2
1666184699,14318324,True,2947,101793.166,3.0,0.0085,0
1666184722,14318325,True,13479,101783.83,13.72,0.0084,0
1666184845,14318326,True,2948541,101745.205,3000.0,0.008,2
1666184855,14318327,True,982891,101740.63,1000.0,0.008,2
1666184864,14318328,True,98000,101737.864,99.7,0.0079,0
1666184924,14318329,True,589632,101758.361,600.0,0.0082,2
1666185008,14318330,False,101757,101677.661,103.47,0.0074,2
1666185047,14318331,False,460000,101689.731,467.77,0.0075,2
1666185047,14318332,False,1318221,101688.739,1340.48,0.0075,2
1666185121,14318333,True,568662,101817.852,579.0,0.0087,2
1666185227,14318334,False,1169000,101648.344,1188.27,0.0071,2
1666185227,14318335,False,5000000,101647.252,5082.36,0.0071,2
1666185227,14318336,False,63851278,101647.242,64903.06,0.0071,1
1666185227,14318337,False,1260000,101647.242,1280.76,0.0071,2
1666185227,14318338,False,430999,101641.511,438.07,0.007,2
1666185227,14318339,False,523000,101639.717,531.58,0.007,2
1666185227,14318340,False,454000,101638.788,461.44,0.007,2
1666185227,14318341,False,1390000,101604.883,1412.31,0.0066,2
1666185227,14318342,False,15901721,101580.0,16152.97,0.0064,2
1666185279,14318343,True,29700,101782.191,30.23,0.0084,0
1666185313,14318344,False,291740,101669.407,296.61,0.0073,2
1666185323,14318345,False,4430,101672.335,4.5,0.0073,0
1666185347,14318346,True,80578,101788.903,82.02,0.0085,0
1666185381,14318347,False,33623,101689.138,34.19,0.0075,0
1666185386,14318348,False,300000,101691.478,305.07,0.0075,2
1666185388,14318349,False,57149,101691.879,58.12,0.0075,0
1666185408,14318350,False,14402,101701.417,14.65,0.0076,0
1666185483,14318351,False,173110,101727.918,176.1,0.0079,2
1666185498,14318352,False,84000,101732.487,85.46,0.0079,0
1666185534,14318353,False,8009,101744.525,8.15,0.008,0
1666185536,14318354,False,284990,101744.525,289.96,0.008,2
1666185536,14318355,False,5000000,101742.013,5087.1,0.008,2
1666185536,14318356,False,25370,101740.688,25.81,0.008,0
1666185638,14318357,True,52879,101940.36,53.91,0.01,0
1666185638,14318358,True,296281,101940.36,302.03,0.01,2
1666185688,14318359,False,110000,101790.986,111.97,0.0085,2
1666185722,14318360,True,4561,101940.36,4.65,0.01,0
1666185814,14318361,True,1689999,101928.826,1722.6,0.0098,2
1666185814,14318362,True,8120429,101933.07,8277.4,0.0099,2
1666185821,14318363,False,200000,101838.177,203.68,0.0089,2
1666185851,14318364,True,2510000,101940.36,2558.7,0.01,2
1666185851,14318365,True,516555,101940.36,526.58,0.01,2
1666185851,14318366,True,754488,101956.97,769.25,0.01,2
1666185880,14318367,True,17154,101956.97,17.49,0.01,0
1666185898,14318368,True,490402,101956.97,500.0,0.01,2
1666185947,14318369,False,97277,101880.45,99.11,0.0094,0
1666185979,14318370,True,105730,101956.96,107.8,0.01,2
1666185996,14318371,True,294252,101953.382,300.0,0.01,2
1666186121,14318372,True,848828,101956.96,865.44,0.01,2
1666186184,14318373,True,7846,101956.96,8.0,0.01,0
1666186208,14318374,True,1830535,101956.96,1866.36,0.01,2
1666186254,14318375,True,2304200,101956.96,2349.29,0.01,2
1666186280,14318376,True,1192335,101956.96,1215.67,0.01,2
1666186280,14318377,True,2307665,101956.97,2352.83,0.01,2
1666186332,14318378,True,30912,101956.97,31.52,0.01,0
1666186347,14318379,True,479812,102123.199,490.0,0.012,2
1666186406,14318380,True,13709,102121.247,14.0,0.012,0
1666186601,14318381,True,4897,102096.537,5.0,0.012,0
1666186601,14318382,False,998124,101991.99,1018.01,0.01,2
1666186663,14318383,True,42073,102108.231,42.96,0.012,0
1666186683,14318384,True,29881,102104.342,30.51,0.012,0
1666186740,14318385,True,19592,102079.025,20.0,0.011,0
1666186756,14318386,True,6862,102003.8,7.0,0.011,0
1666186757,14318387,True,19607,102003.8,20.0,0.011,0
1666186885,14318388,False,486970,102003.8,496.73,0.011,2
1666186910,14318389,True,490177,102003.809,500.0,0.011,2
1666186943,14318390,True,24900,102003.802,25.4,0.011,0
1666186948,14318391,False,2632511,102003.8,2685.26,0.011,2
1666186951,14318392,True,2320000,101935.655,2364.91,0.0099,2
1666186951,14318393,True,65704,102003.801,67.02,0.011,0
1666186951,14318394,True,5710000,102003.801,5824.42,0.011,2
1666186951,14318395,True,1840000,102003.801,1876.87,0.011,2
1666186951,14318396,True,4590000,102003.801,4681.97,0.011,2
1666186951,14318397,True,3514388,102003.801,3584.81,0.011,2
1666186992,14318398,False,514910,101746.076,523.9,0.008,2
1666187001,14318399,False,95615,101747.741,97.29,0.008,0
1666187022,14318400,True,80442,101762.39,81.86,0.0082,0
1666187079,14318401,True,11537257,101813.55,11746.49,0.0087,2
1666187092,14318402,True,1669064,101853.44,1700.0,0.0091,2
1666187101,14318403,False,168700,101765.9,171.68,0.0082,2
1666187101,14318404,True,9817,101859.98,10.0,0.0092,0
1666187109,14318405,False,19257,101768.744,19.6,0.0083,0
1666187231,14318406,False,100000,101770.55,101.77,0.0083,2
1666187231,14318407,False,264000,101768.808,268.67,0.0083,2
1666187247,14318408,False,3835456,101768.675,3903.29,0.0083,2
1666187261,14318409,False,510526,101755.513,519.49,0.0081,2
1666187285,14318410,True,9826,101768.74,10.0,0.0083,0
1666187326,14318411,False,99065,101758.802,100.81,0.0082,2
1666187330,14318412,False,48040,101712.827,48.86,0.0077,0
1666187379,14318413,True,983,101712.82,1.0,0.0077,0
1666187450,14318414,False,160462,101627.107,163.07,0.0069,2
1666187505,14318415,False,387330,101638.726,393.68,0.007,2
1666187510,14318416,False,387270,101638.726,393.62,0.007,2
1666187526,14318417,False,55344,101640.657,56.25,0.007,0
1666187549,14318418,False,8221,101648.371,8.36,0.0071,0
1666187622,14318419,False,678000,101693.839,689.48,0.0075,2
1666187622,14318420,False,1710000,101692.61,1738.94,0.0075,2
1666187622,14318421,False,2567520,101692.61,2610.98,0.0075,2
1666187622,14318422,True,981,101809.493,1.0,0.0087,0
1666187650,14318423,False,646000,101703.258,657.0,0.0076,2
1666187650,14318424,False,221000,101701.032,224.76,0.0076,2
1666187650,14318425,False,1526116,101700.553,1552.07,0.0076,2
1666187681,14318426,True,1032211,101723.33,1050.0,0.0078,2
1666187684,14318427,True,484893,101723.33,493.25,0.0078,2
1666187713,14318428,False,202000,101723.289,205.48,0.0078,2
1666187713,14318429,False,206000,101721.633,209.55,0.0078,2
1666187713,14318430,False,1152609,101721.24,1172.45,0.0078,2
1666187717,14318431,True,1793507,101723.33,1824.42,0.0078,2
1666187717,14318432,True,1,101764.35,0.0,0.0082,0
1666187727,14318433,False,138260,101731.791,140.65,0.0079,2
1666187759,14318434,False,9660,101739.112,9.83,0.008,0
1666187911,14318435,True,7181,101646.64,7.3,0.007,0
1666187950,14318436,True,11025499,101646.64,11207.05,0.007,2
1666187955,14318437,False,22227,101639.493,22.59,0.007,0
1666188003,14318438,True,12788,101649.93,13.0,0.0071,0
1666188117,14318439,True,1963,101837.89,2.0,0.0089,0
1666188140,14318440,True,1474,101719.38,1.5,0.0078,0
1666188154,14318441,True,9874561,101719.38,10044.34,0.0078,2
1666188192,14318442,False,24759,101667.032,25.17,0.0072,0
1666188192,14318443,True,9834,101684.97,10.0,0.0074,0
1666188214,14318444,True,481880,101684.97,490.0,0.0074,2
1666188264,14318445,False,1859999,101691.649,1891.46,0.0075,2
1666188264,14318446,False,213000,101691.649,216.6,0.0075,2
1666188264,14318447,False,210000,101690.412,213.55,0.0075,2
1666188264,14318448,False,530000,101689.099,538.95,0.0075,2
1666188264,14318449,False,175000,101689.031,177.96,0.0075,2
1666188264,14318450,False,183000,101688.8,186.09,0.0075,2
1666188264,14318451,False,530000,101687.554,538.94,0.0075,2
1666188264,14318452,False,183000,101687.412,186.09,0.0074,2
1666188264,14318453,False,5540000,101623.594,5629.95,0.0068,2
1666188264,14318454,False,5560000,101623.212,5650.25,0.0068,2
1666188264,14318455,False,10281109,101530.0,10438.41,0.0059,2
1666188303,14318456,False,31559,101703.286,32.1,0.0076,0
1666188310,14318457,True,6633,101760.01,6.75,0.0082,0
1666188370,14318458,True,48134,101807.638,49.0,0.0086,0
1666188377,14318459,True,31304,101807.638,31.87,0.0086,0
1666188398,14318460,True,147393,101768.41,150.0,0.0083,2
1666188437,14318461,True,2540000,101768.41,2584.92,0.0083,2
1666188440,14318462,True,98204,101828.42,100.0,0.0088,2
1666188550,14318463,True,741237,101829.596,754.8,0.0089,2
1666188572,14318464,False,481490,101777.739,490.05,0.0083,2
1666188577,14318465,False,2133856,101779.28,2171.82,0.0084,2
1666188577,14318466,False,119000,101779.28,121.12,0.0084,2
1666188577,14318467,False,134000,101778.058,136.38,0.0083,2
1666188577,14318468,False,16935844,101777.739,17236.92,0.0083,2
1666188588,14318469,True,1419785,101843.534,1445.96,0.009,2
1666188602,14318470,True,477808,101844.006,486.62,0.009,2
1666188618,14318471,False,660990,101789.311,672.82,0.0085,2
1666188643,14318472,False,103999,101799.095,105.87,0.0086,2
1666188643,14318473,False,43360,101798.345,44.14,0.0085,0
1666188686,14318474,True,981524,101882.264,1000.0,0.0094,2
1666188748,14318475,False,98150,101814.067,99.93,0.0087,0
1666188779,14318476,True,1021355,101882.883,1040.59,0.0094,2
1666188793,14318477,True,432310,101892.91,440.49,0.0095,2
1666188842,14318478,True,165319,101891.881,168.45,0.0095,2
1666188862,14318479,True,294426,101892.91,300.0,0.0095,2
1666188905,14318480,True,1225700,101982.47,1250.0,0.01,2
1666188953,14318481,True,9805,101981.041,10.0,0.01,0
1666188974,14318482,True,88930,101855.32,90.58,0.0091,0
1666189002,14318483,True,165228,101828.45,168.25,0.0088,2
1666189006,14318484,True,259022,101828.45,263.76,0.0088,2
1666189028,14318485,False,78560,101748.049,79.93,0.008,0
1666189075,14318486,True,4910,101823.409,5.0,0.0088,0
1666189157,14318487,False,7656,101715.56,7.79,0.0077,0
1666189228,14318488,True,245606,101788.8,250.0,0.0085,2
1666189234,14318489,True,7192001,101788.8,7320.65,0.0085,2
1666189248,14318490,True,12811596,101799.51,13042.14,0.0086,2
1666189250,14318491,False,132380,101742.651,134.69,0.008,2
1666189272,14318492,False,33622,101750.4,34.21,0.0081,0
1666189329,14318493,True,8778344,101800.0,8936.35,0.0086,2
1666189329,14318494,True,6228094,101841.61,6342.79,0.009,2
1666189347,14318495,True,1410000,101885.17,1436.58,0.0094,2
1666189347,14318496,True,12626973,101885.17,12865.01,0.0094,2
1666189347,14318497,True,10500454,101885.17,10698.41,0.0094,2
1666189532,14318498,True,1810000,101776.43,1842.15,0.0083,2
1666189571,14318499,False,112822,101623.095,114.65,0.0068,2
1666189582,14318500,True,270358,101720.534,275.01,0.0078,2
1666189617,14318501,False,32440,101627.409,32.97,0.0069,0
1666189626,14318502,True,26321,101703.77,26.77,0.0076,0
1666189629,14318503,True,7826000,101703.769,7959.34,0.0076,2
1666189629,14318504,True,516450,101703.77,525.25,0.0076,2
1666189637,14318505,True,6661754,101703.77,6775.25,0.0076,2
1666189667,14318506,True,491540,101721.03,500.0,0.0078,2
1666189718,14318507,True,15000032,101698.58,15254.82,0.0076,2
1666189720,14318508,True,9832969,101698.58,9999.99,0.0076,2
1666189744,14318509,True,9595468,101742.6,9762.68,0.008,2
1666189756,14318510,True,5416830,101757.02,5512.0,0.0081,2
1666189784,14318511,True,531886,101713.39,541.0,0.0077,2
1666189785,14318512,False,116000,101679.717,117.95,0.0074,2
1666189785,14318513,False,1845668,101678.252,1876.64,0.0074,2
1666189792,14318514,True,98314,101713.39,100.0,0.0077,2
1666189859,14318515,False,105000,101697.785,106.78,0.0076,2
1666189859,14318516,False,666523,101696.844,677.83,0.0075,2
1666189864,14318517,False,134000,101624.914,136.18,0.0068,2
1666189864,14318518,False,29999,101619.99,30.49,0.0068,0
1666189864,14318519,False,103000,101580.87,104.63,0.0064,2
1666189864,14318520,False,107000,101580.311,108.69,0.0064,2
1666189864,14318521,False,105670,101580.234,107.34,0.0064,2
1666189904,14318522,False,90000,101586.922,91.43,0.0065,0
1666189904,14318523,False,5904,101585.348,6.0,0.0064,0
1666189926,14318524,False,47184,101588.462,47.93,0.0065,0
1666189930,14318525,False,90000,101573.198,91.42,0.0063,0
1666189930,14318526,False,85000,101572.103,86.34,0.0063,0
1666189930,14318527,False,299474,101570.974,304.18,0.0063,2
1666190129,14318528,True,96631,101570.97,98.15,0.0063,0
1666190129,14318529,True,493749,101640.73,501.85,0.007,2
1666190194,14318530,True,39356,101635.657,40.0,0.0069,0
1666190205,14318531,False,21880,101563.02,22.22,0.0062,0
1666190254,14318532,True,3230969,101638.67,3283.91,0.007,2
1666190274,14318533,False,97040,101574.553,98.57,0.0063,0
1666190286,14318534,False,1880000,101577.181,1909.65,0.0064,2
1666190286,14318535,False,134900,101577.181,137.03,0.0064,2
1666190324,14318536,True,299265,101734.6,304.46,0.0079,2
1666190324,14318537,True,14574767,101734.6,14827.58,0.0079,2
1666190362,14318538,False,87540,101599.986,88.94,0.0066,0
1666190414,14318539,True,105144,101764.75,107.0,0.0082,2
1666190436,14318540,True,49136,101757.323,50.0,0.0081,0
