timestamp,tid,bool_type,satoshi,price,volume,var_mean,bool_volume
1665765880,14309191,True,97039,103050.998,100.0,0.013,2
1665765996,14309192,True,977448,103028.425,1007.05,0.012,2
1665766024,14309193,True,360122,103020.399,371.0,0.012,2
1665766027,14309194,False,90087,102862.218,92.67,0.011,0
1665766054,14309195,True,9707,103016.283,10.0,0.012,0
1665766074,14309196,True,2785,103016.272,2.87,0.012,0
1665766138,14309197,False,9516,102900.0,9.79,0.011,0
1665766275,14309198,False,19638,102900.0,20.21,0.011,0
1665766275,14309199,False,197270,102811.152,202.82,0.01,2
1665766505,14309200,False,130960,102783.09,134.6,0.0099,2
1665766514,14309201,False,2189040,102783.09,2249.96,0.0099,2
1665766514,14309202,False,32,102783.09,0.03,0.0099,0
1665766521,14309203,False,1501264,102783.09,1543.05,0.0099,2
1665766538,14309204,False,135420,102611.768,138.96,0.0082,2
1665766561,14309205,False,1132130,102653.93,1162.18,0.0086,2
1665766672,14309206,False,1000000,102710.373,1027.1,0.0092,2
1665766689,14309207,False,500999,102713.396,514.59,0.0092,2
1665766697,14309208,False,500999,102707.755,514.56,0.0091,2
1665766717,14309209,False,487000,102700.641,500.15,0.0091,2
1665766717,14309210,False,1376350,102583.906,1411.91,0.0079,2
1665766730,14309211,True,204370,102753.94,210.0,0.0096,2
1665766749,14309212,False,454000,102709.909,466.3,0.0092,2
1665766749,14309213,False,671000,102700.553,689.12,0.0091,2
1665766756,14309214,False,1890000,102711.015,1941.24,0.0092,2
1665766767,14309215,False,449999,102709.341,462.19,0.0092,2
1665766767,14309216,False,654000,102701.992,671.67,0.0091,2
1665766775,14309217,False,449999,102711.162,462.2,0.0092,2
1665766775,14309218,False,491000,102709.308,504.3,0.0092,2
1665766784,14309219,False,458000,102713.65,470.43,0.0092,2
1665766784,14309220,False,445000,102712.075,457.07,0.0092,2
1665766793,14309221,False,432000,102716.466,443.74,0.0092,2
1665766793,14309222,False,493999,102713.578,507.4,0.0092,2
1665766799,14309223,False,81040,102717.414,83.24,0.0092,0
1665766833,14309224,False,5000,102704.235,5.14,0.0091,0
1665767110,14309225,True,972948,102780.354,1000.0,0.0099,2
1665767209,14309226,True,22864,102780.353,23.5,0.0099,0
1665767274,14309227,False,429000,102666.545,440.44,0.0087,2
1665767274,14309228,False,4340403,102664.894,4456.07,0.0087,2
1665767308,14309229,True,22866,102768.23,23.5,0.0097,0
1665767367,14309230,True,9576,102859.549,9.85,0.011,0
1665767392,14309231,False,153114,102664.336,157.19,0.0087,2
1665767424,14309232,False,1520,102664.356,1.56,0.0087,0
1665767449,14309233,False,1480000,102671.411,1519.54,0.0088,2
1665767449,14309234,False,1276482,102671.406,1310.58,0.0088,2
1665767482,14309235,True,4861,102859.153,5.0,0.011,0
1665767499,14309236,False,300000,102681.213,308.04,0.0089,2
1665767511,14309237,False,35845,102681.223,36.81,0.0089,0
1665767521,14309238,True,291676,102853.71,300.0,0.011,2
1665767537,14309239,True,1701,102849.186,1.75,0.011,0
1665767595,14309240,True,19183,102846.277,19.73,0.011,0
1665767648,14309241,False,677990,102681.429,696.17,0.0089,2
1665767661,14309242,True,1749,102834.168,1.8,0.01,0
1665767724,14309243,True,1721,102832.773,1.77,0.01,0
1665767796,14309244,False,2089,102696.807,2.15,0.009,0
1665767808,14309245,False,70477,102697.555,72.38,0.009,0
1665767832,14309246,True,87508,102847.236,90.0,0.011,0
1665767854,14309247,True,1944748,102841.074,2000.0,0.01,2
1665767880,14309248,False,264083,102697.926,271.21,0.009,2
1665767904,14309249,True,125409,102862.748,129.0,0.011,2
1665767936,14309250,True,1808,102863.168,1.86,0.011,0
1665767979,14309251,False,33830,102698.057,34.74,0.009,0
1665767980,14309252,False,1796,102698.057,1.84,0.009,0
1665767991,14309253,True,2140000,102877.769,2201.58,0.011,2
1665767991,14309254,True,1507411,102877.769,1550.79,0.011,2
1665767991,14309255,True,1746000,102941.412,1797.36,0.011,2
1665767991,14309256,True,1070000,102942.163,1101.48,0.011,2
1665767991,14309257,True,3253051,102942.938,3348.79,0.011,2
1665767996,14309258,False,236610,102746.213,243.11,0.0095,2
1665768009,14309259,False,2490,102746.233,2.56,0.0095,0
1665768034,14309260,True,1191000,102947.553,1226.11,0.012,2
1665768038,14309261,True,487000,102946.936,501.35,0.011,2
1665768038,14309262,True,324701,102947.553,334.27,0.012,2
1665768046,14309263,False,1893570,102773.622,1946.09,0.0098,2
1665768078,14309264,False,720000,102778.405,740.0,0.0098,2
1665768113,14309265,False,1200750,102845.48,1234.92,0.01,2
1665768156,14309266,True,145633,102998.16,150.0,0.012,2
1665768184,14309267,True,971,102946.541,1.0,0.011,0
1665768199,14309268,True,38003,102991.442,39.14,0.012,0
1665768202,14309269,False,313227,102845.591,322.14,0.01,2
1665768261,14309270,True,46000,103041.0,47.4,0.012,0
1665768343,14309271,False,242620,102845.783,249.52,0.011,2
1665768389,14309272,True,24178,103024.701,24.91,0.012,0
1665768411,14309273,False,1448000,102857.626,1489.38,0.011,2
1665768411,14309274,False,878000,102856.73,903.08,0.011,2
1665768411,14309275,False,2736028,102856.661,2814.19,0.011,2
1665768594,14309276,True,485260,103037.471,500.0,0.012,2
1665768657,14309277,True,194133,103022.119,200.0,0.012,2
1665768661,14309278,False,226000,102862.426,232.47,0.011,2
1665768677,14309279,True,51379,103018.611,52.93,0.012,0
1665768726,14309280,False,138884,102929.361,142.95,0.011,2
1665768746,14309281,False,9555,102929.381,9.83,0.011,0
1665768767,14309282,False,14417010,102929.412,14839.34,0.011,2
1665768768,14309283,False,48682,102929.412,50.11,0.011,0
1665768818,14309284,True,19172,103117.126,19.77,0.013,0
1665768978,14309285,False,3290,102929.644,3.39,0.011,0
1665769038,14309286,True,242479,103101.386,250.0,0.013,2
1665769042,14309287,True,161598,103101.386,166.61,0.013,2
1665769064,14309288,True,290975,103101.386,300.0,0.013,2
1665769089,14309289,True,12287,103110.472,12.67,0.013,0
1665769089,14309290,False,2793350,102946.298,2875.65,0.011,2
1665769194,14309291,True,9693,103161.336,10.0,0.014,0
1665769210,14309292,True,1938,103157.249,2.0,0.014,0
1665769238,14309293,True,515999,103149.883,532.25,0.013,2
1665769238,14309294,True,478000,103151.248,493.06,0.014,2
1665769240,14309295,True,48460,103176.209,50.0,0.014,0
1665769240,14309296,False,2783052,103157.24,2870.92,0.014,2
1665769251,14309297,False,8430,103157.24,8.7,0.014,0
1665769280,14309298,False,24150,103157.24,24.91,0.014,0
1665769280,14309299,True,100000,103178.95,103.18,0.014,2
1665769294,14309300,True,823935,103163.255,850.0,0.014,2
1665769343,14309301,False,846212,102985.226,871.47,0.012,2
1665769366,14309302,False,3030,102992.563,3.12,0.012,0
1665769367,14309303,True,6543,103151.023,6.75,0.014,0
1665769451,14309304,True,3877,103164.169,4.0,0.014,0
1665769481,14309305,True,2200000,103164.169,2269.61,0.014,2
1665769481,14309306,True,9451031,103164.169,9750.08,0.014,2
1665769668,14309307,False,594247,103011.473,612.14,0.012,2
1665769679,14309308,True,9693,103161.648,10.0,0.014,0
1665769686,14309309,True,593832,103160.247,612.6,0.014,2
1665769686,14309310,True,278597,103160.247,287.4,0.014,2
1665769763,14309311,True,242350,103156.064,250.0,0.014,2
1665769886,14309312,True,3005,103152.454,3.1,0.014,0
1665769892,14309313,False,91515,103026.597,94.28,0.012,0
1665769948,14309314,True,48471,103152.429,50.0,0.014,0
1665769970,14309315,True,332832,103152.429,343.32,0.014,2
1665769970,14309316,True,200359,103152.429,206.68,0.014,2
1665770027,14309317,True,118913,103146.348,122.65,0.013,2
1665770076,14309318,False,200069,103032.93,206.14,0.012,2
1665770108,14309319,False,100490,103032.944,103.54,0.012,2
1665770147,14309320,False,76010,103032.944,78.32,0.012,0
1665770272,14309321,True,372432,103186.605,384.3,0.014,2
1665770283,14309322,False,1520000,103043.87,1566.27,0.012,2
1665770283,14309323,False,13261670,103043.87,13665.34,0.012,2
1665770347,14309324,True,14537,103182.458,15.0,0.014,0
1665770400,14309325,False,649865,103048.968,669.68,0.012,2
1665770436,14309326,True,28028,103182.272,28.92,0.014,0
1665770507,14309327,True,7269,103175.468,7.5,0.014,0
1665770602,14309328,True,14538,103166.094,15.0,0.014,0
1665770608,14309329,True,2500000,103166.094,2579.15,0.014,2
1665770608,14309330,True,10879066,103166.094,11223.51,0.014,2
1665770667,14309331,True,1178000,103165.903,1215.29,0.014,2
1665770667,14309332,True,57855,103166.093,59.69,0.014,0
1665770667,14309333,True,17124762,103166.093,17666.95,0.014,2
1665770708,14309334,True,491000,103163.571,506.53,0.014,2
1665770708,14309335,True,4355601,103165.233,4493.47,0.014,2
1665770771,14309336,True,24223,103207.132,25.0,0.014,0
1665770777,14309337,False,1358000,103065.394,1399.63,0.013,2
1665770909,14309338,True,48432,103236.837,50.0,0.014,0
1665770921,14309339,True,6460,103236.819,6.67,0.014,0
1665770979,14309340,False,924000,103074.082,952.4,0.013,2
1665770979,14309341,False,1589000,103073.513,1637.84,0.013,2
1665770979,14309342,False,442000,103068.082,455.56,0.013,2
1665770979,14309343,False,476000,103066.882,490.6,0.013,2
1665770979,14309344,False,1328323,103063.906,1369.02,0.013,2
1665771014,14309345,False,27040,103062.685,27.87,0.013,0
1665771132,14309346,True,48514,103062.68,50.0,0.013,0
1665771141,14309347,False,227280,102876.586,233.82,0.011,2
1665771154,14309348,True,1609,103062.678,1.66,0.013,0
1665771227,14309349,False,353000,102876.709,363.15,0.011,2
1665771343,14309350,True,1040287,103031.172,1071.82,0.012,2
1665771376,14309351,True,242645,103031.156,250.0,0.012,2
1665771382,14309352,False,9190,102866.067,9.45,0.011,0
1665771446,14309353,True,97136,102948.178,100.0,0.012,2
1665771478,14309354,True,146021,102916.52,150.28,0.011,2
1665771528,14309355,False,10640,102727.439,10.93,0.0093,0
1665771530,14309356,False,16610,102727.439,17.06,0.0093,0
1665771531,14309357,True,1162515,102916.52,1196.42,0.011,2
1665771531,14309358,True,995544,102916.52,1024.58,0.011,2
1665771538,14309359,True,32102,102916.52,33.04,0.011,0
1665771593,14309360,False,21806,102727.5,22.4,0.0093,0
1665771609,14309361,True,14927763,102916.52,15363.14,0.011,2
1665771653,14309362,False,105675,102848.823,108.69,0.011,2
1665771665,14309363,True,501773,103022.67,516.94,0.012,2
1665771667,14309364,True,366915,103021.01,378.0,0.012,2
1665771750,14309365,True,1017000,102900.46,1046.5,0.011,2
1665771750,14309366,True,995000,102901.783,1023.87,0.011,2
1665771750,14309367,True,784033,102911.672,806.86,0.011,2
1665771751,14309368,True,232966,102911.672,239.75,0.011,2
1665771751,14309369,True,10435,102911.87,10.74,0.011,0
1665771757,14309370,True,982000,102910.375,1010.58,0.011,2
1665771757,14309371,True,1397,102910.931,1.44,0.011,0
1665771766,14309372,True,962000,102907.638,989.97,0.011,2
1665771766,14309373,True,16491,102908.832,16.97,0.011,0
1665771768,14309374,True,912000,102906.485,938.51,0.011,2
1665771768,14309375,True,1119000,102907.784,1151.54,0.011,2
1665771768,14309376,True,1504509,102908.832,1548.27,0.011,2
1665771768,14309377,True,1155000,102909.137,1188.6,0.011,2
1665771768,14309378,True,446000,102909.227,458.98,0.011,2
1665771768,14309379,True,1131000,102909.278,1163.9,0.011,2
1665771768,14309380,True,1580000,102910.039,1625.98,0.011,2
1665771768,14309381,True,1521000,102910.073,1565.26,0.011,2
1665771768,14309382,True,1125000,102910.512,1157.74,0.011,2
1665771768,14309383,True,469000,102910.985,482.65,0.011,2
1665771768,14309384,True,1620000,102911.102,1667.16,0.011,2
1665771768,14309385,True,1935000,103000.078,1993.05,0.012,2
1665771768,14309386,True,2062000,103003.162,2123.93,0.012,2
1665771768,14309387,True,1956000,103004.461,2014.77,0.012,2
1665771768,14309388,True,68441,103062.68,70.54,0.013,0
1665771768,14309389,True,5660000,103089.25,5834.85,0.013,2
1665771768,14309390,True,17200000,103090.0,17731.48,0.013,2
1665771768,14309391,True,74881034,103207.432,77282.79,0.014,1
1665771778,14309392,True,620000,102931.643,638.18,0.011,2
1665771885,14309393,True,1339,103046.037,1.38,0.012,0
1665771897,14309394,True,12140,103046.027,12.51,0.012,0
1665771941,14309395,True,4854,103007.55,5.0,0.012,0
1665771990,14309396,True,11233,102996.942,11.57,0.012,0
1665772042,14309397,False,76080,102773.682,78.19,0.0098,0
1665772082,14309398,False,2193000,102782.102,2254.01,0.0099,2
1665772088,14309399,False,1289000,102781.023,1324.85,0.0099,2
1665772089,14309400,True,5828,102949.801,6.0,0.012,0
1665772094,14309401,False,13040,102779.905,13.4,0.0099,0
1665772097,14309402,False,2136000,102746.578,2194.67,0.0095,2
1665772097,14309403,False,315099,102745.239,323.75,0.0095,2
1665772172,14309404,True,52394,102968.786,53.95,0.012,0
1665772191,14309405,False,54420,102773.339,55.93,0.0098,0
1665772265,14309406,False,5420,102775.439,5.57,0.0098,0
1665772294,14309407,True,48557,102970.854,50.0,0.012,0
1665772306,14309408,False,38354,102775.452,39.42,0.0098,0
1665772333,14309409,True,1942297,102970.838,2000.0,0.012,2
1665772383,14309410,False,10170,102795.513,10.45,0.01,0
1665772538,14309411,False,59055,102783.942,60.7,0.0099,0
1665772539,14309412,True,72848,102953.555,75.0,0.012,0
1665772604,14309413,True,14569,102944.447,15.0,0.011,0
1665772702,14309414,True,100704,102836.98,103.56,0.01,2
1665772709,14309415,False,100000,102789.488,102.79,0.0099,2
1665772715,14309416,True,1793128,102837.0,1844.0,0.01,2
1665772720,14309417,False,97874,102795.63,100.61,0.01,2
1665772724,14309418,True,95348,102808.0,98.03,0.01,0
1665772731,14309419,False,2100000,102798.422,2158.77,0.01,2
1665772731,14309420,False,405025,102798.422,416.36,0.01,2
1665772839,14309421,False,97365,102747.3,100.04,0.0095,2
1665772858,14309422,False,601000,102648.951,616.92,0.0086,2
1665772866,14309423,False,125189,102650.772,128.51,0.0086,2
1665772871,14309424,False,481810,102649.272,494.58,0.0086,2
1665772879,14309425,False,1390000,102650.686,1426.84,0.0086,2
1665772879,14309426,False,69000,102650.407,70.83,0.0086,0
1665772888,14309427,False,586000,102651.04,601.54,0.0086,2
1665772940,14309428,False,1600000,102489.645,1639.83,0.007,2
1665772940,14309429,False,1163000,102489.645,1191.95,0.007,2
1665772940,14309430,False,1367000,102489.049,1401.03,0.007,2
1665772940,14309431,False,1139000,102488.895,1167.35,0.007,2
1665772940,14309432,False,1411000,102488.89,1446.12,0.007,2
1665772940,14309433,False,1425000,102487.397,1460.45,0.007,2
1665772940,14309434,False,2388000,102483.727,2447.31,0.0069,2
1665772940,14309435,False,627250,102482.72,642.82,0.0069,2
1665772956,14309436,False,444000,102487.011,455.04,0.007,2
1665772957,14309437,True,1948018,102668.424,2000.0,0.0088,2
1665772968,14309438,False,1641000,102489.37,1681.85,0.007,2
1665772985,14309439,False,442650,102380.491,453.19,0.0059,2
1665772996,14309440,False,1410000,102475.756,1444.91,0.0069,2
1665773004,14309441,False,478000,102477.44,489.84,0.0069,2
1665773004,14309442,False,610000,102477.389,625.11,0.0069,2
1665773028,14309443,True,104116,102538.955,106.76,0.0075,2
1665773041,14309444,False,388270,102311.662,397.25,0.0053,2
1665773052,14309445,False,103389,102321.715,105.79,0.0054,2
1665773063,14309446,True,292636,102516.271,300.0,0.0073,2
1665773069,14309447,False,387290,102316.807,396.26,0.0053,2
1665773077,14309448,True,136563,102516.235,140.0,0.0073,2
1665773127,14309449,True,97545,102516.132,100.0,0.0073,2
1665773228,14309450,False,24220,102306.463,24.78,0.0052,0
1665773232,14309451,True,3902,102501.005,4.0,0.0071,0
1665773328,14309452,False,1430000,102351.054,1463.62,0.0056,2
1665773328,14309453,False,459000,102351.054,469.79,0.0056,2
1665773328,14309454,False,946999,102346.648,969.22,0.0056,2
1665773328,14309455,False,4370000,102313.946,4471.12,0.0053,2
1665773328,14309456,False,1000000,102313.946,1023.14,0.0053,2
1665773328,14309457,False,957000,102313.935,979.14,0.0053,2
1665773328,14309458,False,908000,102313.877,929.01,0.0053,2
1665773328,14309459,False,1066000,102310.29,1090.63,0.0052,2
1665773328,14309460,False,1113000,102310.153,1138.71,0.0052,2
1665773328,14309461,False,1066000,102309.284,1090.62,0.0052,2
1665773328,14309462,False,1563000,102307.288,1599.06,0.0052,2
1665773328,14309463,False,1546000,102306.845,1581.66,0.0052,2
1665773328,14309464,False,1530000,102305.574,1565.28,0.0052,2
1665773328,14309465,False,1845000,102300.0,1887.44,0.0051,2
1665773340,14309466,True,487804,102500.0,500.0,0.0071,2
1665773356,14309467,False,41600,102345.45,42.58,0.0056,0
1665773357,14309468,True,26282,102499.178,26.94,0.0071,0
1665773364,14309469,False,495735,102310.964,507.19,0.0052,2
1665773457,14309470,True,10099,102484.731,10.35,0.007,0
1665773467,14309471,False,2619550,102474.0,2684.36,0.0068,2
1665773562,14309472,True,4877,102510.423,5.0,0.0072,0
1665773578,14309473,True,107309,102507.052,110.0,0.0072,2
1665773644,14309474,False,1194990,102474.01,1224.55,0.0068,2
1665773755,14309475,False,18540,102343.317,18.97,0.0056,0
1665773821,14309476,True,243883,102507.363,250.0,0.0072,2
1665773837,14309477,False,2190,102474.01,2.24,0.0068,0
1665773853,14309478,False,47550,102474.01,48.73,0.0068,0
1665773933,14309479,False,138597,102474.01,142.03,0.0068,2
1665773935,14309480,False,6834,102474.01,7.0,0.0068,0
1665773935,14309481,False,237126,102358.507,242.72,0.0057,2
1665774021,14309482,True,975615,102499.364,1000.0,0.0071,2
1665774105,14309483,False,4826846,102360.268,4940.77,0.0057,2
1665774124,14309484,True,1091323,102625.671,1119.98,0.0083,2
1665774124,14309485,True,32,102630.29,0.03,0.0084,0
1665774135,14309486,True,1124545,102627.343,1154.09,0.0084,2
1665774148,14309487,True,723784,102625.978,742.79,0.0083,2
1665774153,14309488,True,348139,102626.621,357.28,0.0083,2
1665774160,14309489,True,1439035,102626.621,1476.83,0.0083,2
1665774194,14309490,False,27925085,102434.353,28604.88,0.0065,1
1665774201,14309491,True,1294000,102629.463,1328.03,0.0084,2
1665774201,14309492,True,1102000,102632.113,1131.01,0.0084,2
1665774201,14309493,True,545000,102635.862,559.37,0.0084,2
1665774201,14309494,True,59687,102641.397,61.26,0.0085,0
1665774207,14309495,True,545000,102634.721,559.36,0.0084,2
1665774252,14309496,False,106550,102686.09,109.41,0.0089,2
1665774290,14309497,True,1031357,102625.534,1058.44,0.0083,2
1665774295,14309498,True,1208642,102625.534,1240.38,0.0083,2
1665774295,14309499,True,270547,102638.214,277.68,0.0085,2
1665774303,14309500,False,52225,102493.555,53.53,0.007,0
1665774307,14309501,True,460514,102630.477,472.63,0.0084,2
1665774328,14309502,True,43848,102625.883,45.0,0.0083,0
1665774423,14309503,False,40000,102493.706,41.0,0.007,0
1665774463,14309504,True,972980,102619.778,998.47,0.0083,2
1665774479,14309505,False,297210,102493.777,304.62,0.007,2
1665774500,14309506,True,24359,102630.477,25.0,0.0084,0
1665774544,14309507,False,9312653,102493.847,9544.9,0.007,2
1665774635,14309508,False,5240000,102510.155,5371.53,0.0072,2
1665774643,14309509,True,1820000,102630.477,1867.87,0.0084,2
1665774643,14309510,True,195453,102630.477,200.59,0.0084,2
1665774662,14309511,True,46000,102630.477,47.21,0.0084,0
1665774662,14309512,True,529000,102695.824,543.26,0.009,2
1665774662,14309513,True,398773,102697.172,409.53,0.009,2
1665774809,14309514,True,9748,102686.162,10.01,0.0089,0
1665774886,14309515,False,91149,102510.56,93.44,0.0072,0
1665774995,14309516,False,29999,102515.053,30.75,0.0073,0
1665775004,14309517,True,390081,102542.546,400.0,0.0075,2
1665775064,14309518,False,442000,102516.134,453.12,0.0073,2
1665775064,14309519,False,4970000,102352.178,5086.9,0.0057,2
1665775064,14309520,False,1700000,102352.178,1739.99,0.0057,2
1665775064,14309521,False,12984467,102352.178,13289.89,0.0057,2
1665775064,14309522,False,14042431,102352.178,14372.73,0.0057,2
1665775089,14309523,True,48726,102613.923,50.0,0.0082,0
1665775095,14309524,True,1451070,102613.913,1489.0,0.0082,2
1665775153,14309525,False,421000,102431.64,431.24,0.0064,2
1665775153,14309526,False,1064000,102420.87,1089.76,0.0063,2
1665775153,14309527,False,823000,102420.411,842.92,0.0063,2
1665775153,14309528,False,1113408,102419.804,1140.35,0.0063,2
1665775296,14309529,False,17908,102300.0,18.32,0.0051,0
1665775303,14309530,True,3143,102425.947,3.22,0.0064,0
1665775322,14309531,True,4881576,102425.937,5000.0,0.0064,2
1665775342,14309532,False,301833,102356.392,308.95,0.0057,2
1665775355,14309533,True,8090659,102496.128,8292.61,0.0071,2
1665775355,14309534,True,4836657,102496.128,4957.39,0.0071,2
1665775367,14309535,True,17747,102496.128,18.19,0.0071,0
1665775445,14309536,False,409000,102317.726,418.48,0.0053,2
1665775445,14309537,False,5525273,102315.979,5653.24,0.0053,2
1665775449,14309538,True,77072,102500.517,79.0,0.0071,0
1665775525,14309539,True,87814,102488.685,90.0,0.007,0
1665775567,14309540,False,299990,102329.677,306.98,0.0054,2
1665775595,14309541,True,24790,102497.711,25.41,0.0071,0
1665775633,14309542,False,459700,102330.684,470.41,0.0054,2
1665775674,14309543,False,72164,102347.933,73.86,0.0056,0
1665775706,14309544,True,523000,102543.578,536.3,0.0075,2
1665775724,14309545,False,1840,102391.216,1.88,0.006,0
1665775745,14309546,True,136997,102585.964,140.54,0.0079,2
1665775750,14309547,False,734819,102391.299,752.39,0.006,2
1665775775,14309548,False,249740,102391.329,255.71,0.006,2
1665775824,14309549,False,16660,102391.4,17.06,0.006,0
1665775851,14309550,True,4827,102534.921,4.95,0.0074,0
1665775905,14309551,True,97568,102491.856,100.0,0.007,2
1665775907,14309552,True,9756,102491.856,10.0,0.007,0
1665775931,14309553,False,2320,102391.542,2.38,0.006,0
1665775950,14309554,True,1900000,102478.56,1947.09,0.0069,2
1665775950,14309555,True,539534,102478.56,552.91,0.0069,2
1665775957,14309556,True,2466,102478.56,2.53,0.0069,0
1665775957,14309557,True,1410000,102482.422,1445.0,0.0069,2
1665775957,14309558,True,1288000,102489.185,1320.06,0.007,2
1665775957,14309559,True,532000,102492.207,545.26,0.007,2
1665775977,14309560,True,1540000,102550.753,1579.28,0.0076,2
1665775977,14309561,True,1258000,102552.649,1290.11,0.0076,2
1665775977,14309562,True,1705299,102575.542,1749.22,0.0078,2
1665776087,14309563,False,457739,102407.858,468.76,0.0062,2
1665776088,14309564,False,47090,102407.858,48.22,0.0062,0
1665776092,14309565,False,2000,102416.3,2.05,0.0063,0
1665776203,14309566,True,2437,102570.28,2.5,0.0078,0
1665776252,14309567,False,29999,102416.502,30.72,0.0063,0
1665776252,14309568,True,24378,102547.842,25.0,0.0076,0
1665776310,14309569,True,3042,102534.465,3.12,0.0074,0
1665776316,14309570,True,97528,102534.465,100.0,0.0074,2
1665776408,14309571,False,117030,102432.637,119.88,0.0064,2
1665776437,14309572,False,4684,102432.677,4.8,0.0064,0
1665776467,14309573,False,24220,102432.737,24.81,0.0064,0
1665776491,14309574,True,64056,102502.99,65.66,0.0071,0
1665776511,14309575,False,1388000,102432.649,1421.77,0.0064,2
1665776511,14309576,False,421000,102431.899,431.24,0.0064,2
1665776511,14309577,False,1021000,102431.07,1045.82,0.0064,2
1665776511,14309578,False,1824000,102430.702,1868.34,0.0064,2
1665776511,14309579,False,425000,102430.697,435.33,0.0064,2
1665776511,14309580,False,288999,102430.385,296.02,0.0064,2
1665776640,14309581,True,487790,102502.989,500.0,0.0071,2
1665776665,14309582,False,1224000,102401.115,1253.39,0.0061,2
1665776665,14309583,False,146670,102400.502,150.19,0.0061,2
1665776699,14309584,False,97660,102316.38,99.92,0.0053,0
1665776756,14309585,False,599990,102315.297,613.88,0.0053,2
1665776823,14309586,False,44283,102300.0,45.3,0.0051,0
1665776849,14309587,True,5805,102486.097,5.95,0.007,0
1665776856,14309588,True,351267,102486.087,360.0,0.007,2
1665776864,14309589,False,896900,102302.944,917.56,0.0052,2
1665776933,14309590,True,195148,102486.006,200.0,0.007,2
1665776966,14309591,False,38050,102328.528,38.94,0.0054,0
1665776992,14309592,True,20048,102501.443,20.55,0.0071,0
1665777065,14309593,False,273170,102332.433,279.54,0.0055,2
1665777112,14309594,False,8460,102332.494,8.66,0.0055,0
1665777138,14309595,True,1859999,102470.444,1905.95,0.0068,2
1665777138,14309596,True,91782,102470.444,94.05,0.0068,0
1665777169,14309597,False,52459,102332.564,53.68,0.0055,0
1665777181,14309598,True,1303000,102469.674,1335.18,0.0068,2
1665777181,14309599,True,585000,102470.088,599.45,0.0068,2
1665777181,14309600,True,2015576,102470.444,2065.37,0.0068,2
1665777228,14309601,False,14886,102419.148,15.25,0.0063,0
1665777236,14309602,False,68040,102419.743,69.69,0.0063,0
1665777284,14309603,False,9509,102480.0,9.74,0.0069,0
1665777327,14309604,True,92685,102496.626,95.0,0.0071,0
1665777350,14309605,False,102480,102480.0,105.02,0.0069,2
1665777369,14309606,False,5167026,102480.0,5295.17,0.0069,2
1665777504,14309607,True,1610000,102434.992,1649.2,0.0065,2
1665777504,14309608,True,830572,102434.992,850.8,0.0065,2
1665777546,14309609,False,9348895,102300.0,9563.92,0.0051,2
1665777548,14309610,True,4881,102427.375,5.0,0.0064,0
1665777592,14309611,False,3940,102232.94,4.03,0.0045,0
1665777662,14309612,False,265920,102249.588,271.9,0.0046,2
1665777707,14309613,True,24407,102427.267,25.0,0.0064,0
1665777713,14309614,False,10158,102249.64,10.39,0.0046,0
1665777720,14309615,True,48815,102427.267,50.0,0.0064,0
1665777824,14309616,True,97638,102418.118,100.0,0.0063,2
1665777999,14309617,True,24411,102410.431,25.0,0.0062,0
1665778103,14309618,False,14285,102232.94,14.6,0.0045,0
1665778119,14309619,True,30556,102401.83,31.29,0.0061,0
1665778137,14309620,True,781236,102401.796,800.0,0.0061,2
1665778241,14309621,False,21843,102232.94,22.33,0.0045,0
1665778278,14309622,False,101969,102232.94,104.25,0.0045,2
1665778319,14309623,True,146613,102309.973,150.0,0.0052,2
1665778338,14309624,False,142218,102232.94,145.39,0.0045,2
1665778492,14309625,True,34209,102309.993,35.0,0.0052,0
1665778501,14309626,False,188590,102232.94,192.8,0.0045,2
1665778596,14309627,True,30033,102384.231,30.75,0.006,0
1665778652,14309628,True,187138,102303.958,191.45,0.0052,2
1665778746,14309629,False,1990000,102244.267,2034.66,0.0046,2
1665778746,14309630,False,3860000,102244.267,3946.63,0.0046,2
1665778746,14309631,False,17494332,102244.267,17886.95,0.0046,2
1665778776,14309632,True,11076,102379.377,11.34,0.0059,0
1665778822,14309633,True,1383204,102370.998,1416.0,0.0058,2
1665778897,14309634,False,14469,102232.94,14.79,0.0045,0
1665778973,14309635,True,274825,102374.222,281.35,0.0059,2
1665778996,14309636,True,146530,102368.036,150.0,0.0058,2
1665779005,14309637,False,959999,102260.602,981.7,0.0048,2
1665779025,14309638,True,68364,102391.853,70.0,0.006,0
1665779081,14309639,False,5000000,102260.757,5113.04,0.0048,2
1665779081,14309640,False,4669035,102260.747,4774.59,0.0048,2
1665779082,14309641,True,976219,102436.015,1000.0,0.0065,2
1665779161,14309642,False,94774,102260.114,96.92,0.0047,0
1665779272,14309643,False,5000000,102264.982,5113.25,0.0048,2
1665779272,14309644,False,1273000,102262.474,1301.8,0.0048,2
1665779272,14309645,False,2180000,102260.865,2229.29,0.0048,2
1665779272,14309646,False,1342000,102260.865,1372.34,0.0048,2
1665779272,14309647,False,805000,102258.521,823.18,0.0047,2
1665779272,14309648,False,813000,102256.665,831.35,0.0047,2
1665779272,14309649,False,1300000,102255.901,1329.33,0.0047,2
1665779272,14309650,False,804053,102254.464,822.18,0.0047,2
1665779397,14309651,True,612000,102359.215,626.44,0.0057,2
1665779414,14309652,True,48850,102353.306,50.0,0.0057,0
1665779420,14309653,True,1172424,102352.034,1200.0,0.0056,2
1665779464,14309654,False,13517054,102270.596,13823.97,0.0048,2
1665779617,14309655,False,177940,102281.289,182.0,0.005,2
1665779686,14309656,False,3768411,102254.48,3853.37,0.0047,2
1665779926,14309657,True,1352574,102424.203,1385.36,0.0064,2
1665779926,14309658,True,1185000,102424.203,1213.73,0.0064,2
1665779926,14309659,True,1953999,102424.447,2001.37,0.0064,2
1665779926,14309660,True,1953999,102425.763,2001.4,0.0064,2
1665779926,14309661,True,1147000,102425.977,1174.83,0.0064,2
1665779926,14309662,True,1407000,102426.345,1441.14,0.0064,2
1665779926,14309663,True,1953999,102427.484,2001.43,0.0064,2
1665779926,14309664,True,1468000,102427.92,1503.64,0.0064,2
1665779926,14309665,True,1149191,102428.288,1177.1,0.0064,2
1665779949,14309666,True,1761141,102433.655,1804.0,0.0065,2
1665780018,14309667,False,228340,102278.246,233.54,0.0049,2
1665780049,14309668,False,106664,102278.246,109.09,0.0049,2
1665780216,14309669,True,1750880,102434.0,1793.5,0.0065,2
1665780304,14309670,True,67663,102434.0,69.31,0.0065,0
1665780432,14309671,False,322160,102308.839,329.6,0.0052,2
1665780433,14309672,True,366136,102420.734,375.0,0.0063,2
1665780441,14309673,False,1345310,102303.337,1376.3,0.0052,2
1665780516,14309674,False,102498,102306.266,104.86,0.0052,2
1665780597,14309675,False,1034000,102265.854,1057.43,0.0048,2
1665780597,14309676,False,908000,102264.725,928.56,0.0048,2
1665780597,14309677,False,724249,102264.103,740.65,0.0048,2
1665780715,14309678,False,2029999,102255.013,2075.78,0.0047,2
1665780715,14309679,False,18338,102255.013,18.75,0.0047,0
1665780715,14309680,False,252970,102254.46,258.67,0.0047,2
1665780948,14309681,False,104373,102254.47,106.73,0.0047,2
1665780999,14309682,False,1270,102255.844,1.3,0.0047,0
1665781024,14309683,True,1865,102394.891,1.91,0.0061,0
1665781138,14309684,False,423777,102280.556,433.44,0.0049,2
1665781196,14309685,True,1007082,102284.0,1030.08,0.005,2
1665781196,14309686,True,42727,102284.73,43.7,0.005,0
1665781199,14309687,True,14664,102284.73,15.0,0.005,0
1665781291,14309688,True,15000032,102280.6,15342.12,0.0049,2
1665781292,14309689,False,40090,102280.586,41.0,0.0049,0
1665781300,14309690,False,128280,102280.596,131.21,0.0049,2
1665781308,14309691,True,15000032,102332.19,15349.86,0.0055,2
1665781385,14309692,True,1470000,102360.734,1504.7,0.0057,2
1665781385,14309693,True,1005000,102423.967,1029.36,0.0064,2
1665781385,14309694,True,1246000,102424.404,1276.21,0.0064,2
1665781385,14309695,True,502000,102424.528,514.17,0.0064,2
1665781385,14309696,True,1286000,102432.15,1317.28,0.0064,2
1665781385,14309697,True,1824000,102432.593,1868.37,0.0064,2
1665781385,14309698,True,1586286,102434.803,1624.91,0.0065,2
1665781471,14309699,True,97648,102408.48,100.0,0.0062,2
1665781594,14309700,False,7307,102287.076,7.47,0.005,0
1665781620,14309701,False,1050920,102291.855,1075.01,0.0051,2
1665781680,14309702,False,70000,102296.879,71.61,0.0051,0
1665781703,14309703,False,96210,102296.889,98.42,0.0051,0
1665781728,14309704,False,92037,102296.909,94.15,0.0051,0
1665781870,14309705,True,2390000,102413.97,2447.69,0.0063,2
1665781870,14309706,True,298132,102436.01,305.39,0.0065,2
1665781870,14309707,True,4504544,102436.01,4614.28,0.0065,2
1665781879,14309708,False,72157,102297.107,73.81,0.0051,0
1665781900,14309709,False,63150,102297.127,64.6,0.0051,0
1665781904,14309710,True,240960,102436.01,246.83,0.0065,2
1665781922,14309711,False,8899318,102297.436,9103.77,0.0051,2
1665781945,14309712,True,1952438,102436.01,2000.0,0.0065,2
1665782015,14309713,True,251737,102436.01,257.87,0.0065,2
1665782057,14309714,False,3760,102312.768,3.85,0.0053,0
1665782067,14309715,False,1000,102309.03,1.02,0.0052,0
1665782080,14309716,True,4881,102434.411,5.0,0.0065,0
1665782128,14309717,False,52479,102312.931,53.69,0.0053,0
1665782215,14309718,False,220990,102314.058,226.1,0.0053,2
1665782220,14309719,False,1980000,102314.058,2025.82,0.0053,2
1665782220,14309720,False,6140187,102314.058,6282.27,0.0053,2
1665782235,14309721,True,1569999,102436.01,1608.25,0.0065,2
1665782235,14309722,True,1243719,102436.01,1274.02,0.0065,2
1665782235,14309723,True,16708412,102449.82,17117.74,0.0066,2
1665782314,14309724,False,100000,102314.383,102.31,0.0053,2
1665782354,14309725,False,54118,102326.807,55.38,0.0054,0
1665782445,14309726,False,1046156,102323.539,1070.46,0.0054,2
1665782547,14309727,True,68405,102330.71,70.0,0.0054,0
1665782622,14309728,True,2932,102303.72,3.0,0.0052,0
1665782658,14309729,True,48874,102303.719,50.0,0.0052,0
1665782682,14309730,True,1319600,102303.719,1350.0,0.0052,2
1665782776,14309731,True,38231,102254.47,39.09,0.0047,0
1665782843,14309732,True,9778,102260.76,10.0,0.0048,0
1665782849,14309733,True,38851,102260.76,39.73,0.0048,0
1665782931,14309734,False,645700,102254.46,660.26,0.0047,2
1665782931,14309735,True,202240,102254.47,206.8,0.0047,2
1665783088,14309736,True,195590,102254.469,200.0,0.0047,2
1665783120,14309737,False,10880,102254.46,11.13,0.0047,0
1665783158,14309738,False,41630,102254.46,42.57,0.0047,0
1665783196,14309739,False,77540,102254.46,79.29,0.0047,0
1665783218,14309740,False,354000,102254.46,361.98,0.0047,2
1665783226,14309741,False,162356,102254.46,166.02,0.0047,2
1665783227,14309742,True,1476,102254.469,1.51,0.0047,0
1665783250,14309743,False,10410,102254.46,10.64,0.0047,0
1665783259,14309744,False,1466,102254.46,1.5,0.0047,0
1665783386,14309745,True,195590,102254.47,200.0,0.0047,2
1665783456,14309746,True,488976,102254.47,500.0,0.0047,2
1665783523,14309747,False,2410000,102254.46,2464.33,0.0047,2
1665783523,14309748,False,985583,102254.46,1007.8,0.0047,2
1665783523,14309749,False,638543,102232.94,652.8,0.0045,2
1665783523,14309750,False,4390000,102044.078,4479.74,0.0026,2
1665783523,14309751,False,1576000,102044.078,1608.21,0.0026,2
1665783523,14309752,False,2004999,102042.683,2045.96,0.0026,2
1665783523,14309753,False,17994874,102042.627,18362.44,0.0026,2
1665783632,14309754,False,50650,102102.86,51.72,0.0032,0
1665783651,14309755,True,124746,102207.44,127.5,0.0042,2
1665783703,14309756,False,2510,102205.23,2.57,0.0042,0
1665783721,14309757,True,9784,102207.44,10.0,0.0042,0
1665783789,14309758,True,12431,102238.49,12.71,0.0045,0
1665783793,14309759,True,20060,102238.49,20.51,0.0045,0
1665783801,14309760,True,537957,102238.49,550.0,0.0045,2
1665783869,14309761,True,65000,102207.44,66.43,0.0042,0
1665783869,14309762,True,33000,102208.12,33.73,0.0042,0
1665783871,14309763,True,4794,102208.319,4.9,0.0042,0
1665783945,14309764,True,36700,102179.25,37.5,0.004,0
1665783967,14309765,True,58719,102179.25,60.0,0.004,0
1665783981,14309766,True,15658,102179.25,16.0,0.004,0
1665784089,14309767,True,552206,102053.72,563.55,0.0027,2
1665784119,14309768,True,6388015,102113.64,6523.03,0.0033,2
1665784127,14309769,False,428078,102029.437,436.77,0.0025,2
1665784156,14309770,True,391668,102126.98,400.0,0.0034,2
1665784323,14309771,True,232424,102089.01,237.28,0.0031,2
1665784470,14309772,True,5000000,102034.57,5101.73,0.0025,2
1665784575,14309773,True,10000032,102046.09,10204.64,0.0026,2
1665784736,14309774,False,869999,102027.915,887.64,0.0025,2
1665784768,14309775,True,1077034,102038.187,1098.99,0.0026,2
1665784888,14309776,True,100107,102038.19,102.15,0.0026,2
1665785039,14309777,True,10780,102038.19,11.0,0.0026,0
1665785040,14309778,False,3265,102026.21,3.33,0.0024,0
1665785055,14309779,True,507000,102035.189,517.32,0.0025,2
1665785055,14309780,True,517000,102038.19,527.54,0.0026,2
1665785055,14309781,True,2161096,102038.19,2205.14,0.0026,2
1665785064,14309782,False,34235,102026.21,34.93,0.0024,0
1665785064,14309783,False,2000,102000.0,2.04,0.0022,0
1665785064,14309784,False,160815,102000.0,164.03,0.0022,2
1665785119,14309785,False,23620,102000.0,24.09,0.0022,0
1665785181,14309786,False,3839185,102000.0,3915.97,0.0022,2
1665785181,14309787,False,1537392,102000.0,1568.14,0.0022,2
1665785181,14309788,False,730393,101999.99,745.0,0.0022,2
1665785183,14309789,True,49019,102000.01,50.0,0.0022,0
1665785204,14309790,False,621770,101916.856,633.69,0.0014,2
1665785212,14309791,False,17625831,101916.938,17963.71,0.0014,2
1665785309,14309792,True,4904,101948.97,5.0,0.0017,0
1665785339,14309793,True,51280,101948.97,52.28,0.0017,0
1665785415,14309794,True,1618,101928.57,1.65,0.0015,0
1665785452,14309795,True,84618,101928.57,86.25,0.0015,0
1665785499,14309796,False,19711,101811.39,20.07,0.00034,0
1665785553,14309797,False,156020,101811.932,158.85,0.00034,2
1665785600,14309798,True,49078,101876.12,50.0,0.00097,0
1665785708,14309799,True,1295174,101916.77,1320.0,0.0014,2
1665785785,14309800,False,9810,101930.911,10.0,0.0015,0
1665785798,14309801,False,3210090,101930.911,3272.07,0.0015,2
1665785898,14309802,True,30466,102012.97,31.08,0.0023,0
1665785935,14309803,True,815488,102006.33,831.85,0.0023,2
1665785959,14309804,False,30563,101931.123,31.15,0.0015,0
1665785989,14309805,True,34252,102006.33,34.94,0.0023,0
1665786066,14309806,True,979,102006.33,1.0,0.0023,0
1665786084,14309807,True,9533,101955.19,9.72,0.0018,0
1665786088,14309808,True,107890,101955.19,110.0,0.0018,2
1665786091,14309809,True,196164,101955.19,200.0,0.0018,2
1665786157,14309810,True,49041,101955.19,50.0,0.0018,0
1665786159,14309811,True,1860958,101955.19,1897.34,0.0018,2
1665786159,14309812,True,100687,101955.19,102.66,0.0018,2
1665786475,14309813,True,1961999,101945.67,2000.17,0.0017,2
1665786476,14309814,False,214278,101938.338,218.43,0.0016,2
1665786489,14309815,True,19620000,101938.35,20000.3,0.0016,1
1665786536,14309816,True,137753,101955.19,140.45,0.0018,2
1665786536,14309817,True,450664,101972.52,459.55,0.0019,2
1665786568,14309818,True,9708,101968.75,9.9,0.0019,0
1665786681,14309819,True,9803,102000.0,10.0,0.0022,0
1665786701,14309820,False,142890,101951.268,145.68,0.0017,2
1665786736,14309821,True,77911,102000.0,79.47,0.0022,0
1665786786,14309822,True,9803,102000.0,10.0,0.0022,0
1665786791,14309823,True,154512,102000.0,157.6,0.0022,2
1665786798,14309824,False,12250,101954.389,12.49,0.0017,0
1665786822,14309825,True,735070,102031.03,750.0,0.0025,2
1665786852,14309826,True,24002,102031.03,24.49,0.0025,0
1665786901,14309827,False,13030,101955.133,13.28,0.0018,0
1665786925,14309828,True,979,102022.51,1.0,0.0024,0
1665786931,14309829,True,16662,102022.51,17.0,0.0024,0
1665786973,14309830,False,24500,101943.412,24.98,0.0016,0
1665787189,14309831,True,979,102045.79,1.0,0.0026,0
1665787210,14309832,False,979949,101957.458,999.13,0.0018,2
1665787338,14309833,True,29405,102020.89,30.0,0.0024,0
1665787386,14309834,True,60585,102020.89,61.81,0.0024,0
1665787402,14309835,True,48974,102093.656,50.0,0.0031,0
1665787421,14309836,False,372210,101943.501,379.44,0.0016,2
1665787434,14309837,True,97988,102053.26,100.0,0.0027,2
1665787438,14309838,True,5816019,102053.26,5935.44,0.0027,2
1665787438,14309839,True,13781980,102053.26,14064.96,0.0027,2
1665787466,14309840,True,68589,102055.89,70.0,0.0027,0
1665787556,14309841,False,3262,101971.923,3.33,0.0019,0
1665787773,14309842,True,8571,102087.93,8.75,0.0031,0
1665787782,14309843,False,694620,101973.494,708.33,0.0019,2
1665787976,14309844,True,22583,102021.63,23.04,0.0024,0
1665788002,14309845,True,13711,102021.63,13.99,0.0024,0
1665788010,14309846,True,14048847,102021.63,14332.86,0.0024,2
1665788019,14309847,True,197451,102050.28,201.5,0.0027,2
1665788101,14309848,False,208839,101998.455,213.01,0.0022,2
1665788178,14309849,False,2440000,101999.777,2488.79,0.0022,2
1665788274,14309850,True,152874,102051.21,156.01,0.0027,2
1665788309,14309851,True,15000000,102051.21,15307.68,0.0027,2
1665788333,14309852,True,979,102057.86,1.0,0.0028,0
1665788333,14309853,True,1850,102102.16,1.89,0.0032,0
1665788348,14309854,True,7551,102102.16,7.71,0.0032,0
1665788360,14309855,True,24485,102102.16,25.0,0.0032,0
1665788464,14309856,True,2470000,102097.67,2521.81,0.0032,2
1665788464,14309857,True,100000,102097.67,102.1,0.0032,2
1665788480,14309858,False,568590,102102.15,580.54,0.0032,2
1665788656,14309859,True,9252000,102102.16,9446.49,0.0032,2
1665788676,14309860,True,4895,102129.74,5.0,0.0035,0
1665788710,14309861,True,1982654,102129.74,2024.88,0.0035,2
1665788808,14309862,True,792,102150.57,0.81,0.0037,0
1665788813,14309863,True,24900000,102150.57,25435.49,0.0037,1
1665788827,14309864,True,25000000,102154.18,25538.54,0.0037,1
1665788880,14309865,True,25000000,102172.2,25543.05,0.0039,1
1665788915,14309866,True,24900000,102190.01,25445.31,0.0041,1
1665788989,14309867,True,24900000,102202.79,25448.49,0.0042,1
1665789087,14309868,True,97829,102218.84,100.0,0.0043,2
1665789101,14309869,False,4110,102190.01,4.2,0.0041,0
1665789217,14309870,True,9785,102190.02,10.0,0.0041,0
1665789241,14309871,True,146785,102190.02,150.0,0.0041,2
1665789381,14309872,True,978,102190.02,1.0,0.0041,0
1665789453,14309873,True,9785691,102190.02,10000.0,0.0041,2
1665789555,14309874,True,120104,102190.02,122.73,0.0041,2
1665789759,14309875,True,2612,102190.02,2.67,0.0041,0
1665789780,14309876,False,2500000,102190.01,2554.75,0.0041,2
1665789780,14309877,False,289460,102190.01,295.8,0.0041,2
1665789780,14309878,False,1051079,102190.0,1074.1,0.0041,2
1665789801,14309879,True,25000000,102136.78,25534.19,0.0035,1
1665789825,14309880,True,97915,102128.59,100.0,0.0035,2
1665789829,14309881,True,2200000,102128.59,2246.83,0.0035,2
1665789834,14309882,True,1955,102268.639,2.0,0.0048,0
1665789836,14309883,True,2933,102268.639,3.0,0.0048,0
1665789919,14309884,False,10000,102137.781,10.21,0.0035,0
1665789958,14309885,False,36140,102137.781,36.91,0.0035,0
1665789977,14309886,False,135270,102129.372,138.15,0.0035,2
1665790049,14309887,False,1154100,102128.823,1178.67,0.0035,2
1665790083,14309888,True,25000000,102098.27,25524.57,0.0032,1
1665790085,14309889,False,828304,102128.824,845.94,0.0035,2
1665790147,14309890,True,280909,102128.83,286.89,0.0035,2
1665790210,14309891,False,27099,102038.357,27.65,0.0026,0
1665790253,14309892,True,107707,102128.83,110.0,0.0035,2
1665790271,14309893,True,19593000,102079.12,20000.36,0.003,1
1665790284,14309894,True,2040000,102079.12,2082.41,0.003,2
1665790284,14309895,True,17552000,102081.45,17917.34,0.003,2
1665790299,14309896,False,106949,102016.341,109.11,0.0024,2
1665790371,14309897,True,19592000,102080.42,19999.6,0.003,2
1665790475,14309898,False,5800,102052.522,5.92,0.0027,0
1665790525,14309899,False,5390,102053.782,5.5,0.0027,0
1665790551,14309900,True,293814,102105.37,300.0,0.0032,2
1665790573,14309901,True,13819,102105.37,14.11,0.0032,0
1665790576,14309902,True,6904705,102105.37,7050.08,0.0032,2
1665790594,14309903,True,5056400,102105.37,5162.86,0.0032,2
1665790725,14309904,True,295067,102298.66,301.85,0.0051,2
1665790730,14309905,True,48877,102297.361,50.0,0.0051,0
1665790802,14309906,True,100000,102156.4,102.16,0.0037,2
1665790823,14309907,False,29067,102105.76,29.68,0.0032,0
1665790885,14309908,True,507000,102211.007,518.21,0.0043,2
1665790885,14309909,True,424738,102220.61,434.17,0.0044,2
1665790896,14309910,True,49770,102206.332,50.87,0.0042,0
1665790916,14309911,False,2370000,102106.522,2419.92,0.0032,2
1665790916,14309912,False,3258690,102106.522,3327.34,0.0032,2
1665791037,14309913,True,49755,102220.61,50.86,0.0044,0
1665791061,14309914,True,23517,102220.61,24.04,0.0044,0
1665791088,14309915,True,9045,102220.61,9.25,0.0044,0
1665791088,14309916,True,1457015,102315.611,1490.75,0.0053,2
1665791207,14309917,False,25900,102122.085,26.45,0.0034,0
1665791523,14309918,True,1955,102254.723,2.0,0.0047,0
1665791557,14309919,True,2151,102257.828,2.2,0.0047,0
1665791576,14309920,True,576999,102253.131,590.0,0.0047,2
1665791681,14309921,False,3426,102141.074,3.5,0.0036,0
1665791744,14309922,False,2236,102152.753,2.28,0.0037,0
1665791778,14309923,False,20000,102153.792,20.43,0.0037,0
1665791838,14309924,False,70254,102153.905,71.77,0.0037,0
1665791939,14309925,False,43590,102154.351,44.53,0.0037,0
1665791956,14309926,True,244357,102309.189,250.0,0.0052,2
1665791989,14309927,True,977,102309.189,1.0,0.0052,0
1665792005,14309928,True,2942,102309.188,3.01,0.0052,0
1665792006,14309929,True,29322,102309.188,30.0,0.0052,0
1665792319,14309930,True,43213,102305.702,44.21,0.0052,0
1665792321,14309931,True,97747,102304.408,100.0,0.0052,2
1665792658,14309932,False,90549,102233.004,92.57,0.0045,0
1665792711,14309933,True,19336,102394.623,19.8,0.0061,0
1665792757,14309934,True,3906,102394.153,4.0,0.0061,0
1665792758,14309935,True,2286094,102394.153,2340.83,0.0061,2
1665792758,14309936,True,3266121,102394.153,3344.32,0.0061,2
1665792758,14309937,True,502000,102395.876,514.03,0.0061,2
1665792758,14309938,True,1168000,102399.203,1196.02,0.0061,2
1665792758,14309939,True,1193000,102400.388,1221.64,0.0061,2
1665792758,14309940,True,963000,102406.889,986.18,0.0062,2
1665792758,14309941,True,973000,102408.407,996.43,0.0062,2
1665792758,14309942,True,6249521,102416.761,6400.56,0.0063,2
1665792785,14309943,False,50533,102233.259,51.66,0.0045,0
1665792900,14309944,False,317250,102256.508,324.41,0.0047,2
1665792919,14309945,True,1903,102451.256,1.95,0.0066,0
1665793036,14309946,False,9080,102256.991,9.28,0.0047,0
1665793038,14309947,True,97607,102451.408,100.0,0.0066,2
1665793097,14309948,True,34162,102451.408,35.0,0.0066,0
1665793102,14309949,True,488036,102451.408,500.0,0.0066,2
1665793207,14309950,False,2311,102279.298,2.36,0.0049,0
1665793219,14309951,True,20440,102445.337,20.94,0.0066,0
1665793293,14309952,True,14643,102435.483,15.0,0.0065,0
1665793314,14309953,True,294685,102435.483,301.86,0.0065,2
1665793314,14309954,True,484789,102435.483,496.6,0.0065,2
1665793338,14309955,True,289675,102435.483,296.73,0.0065,2
1665793370,14309956,False,165699,102435.48,169.73,0.0065,2
1665793424,14309957,True,2732,102457.703,2.8,0.0067,0
1665793483,14309958,False,6546,102435.48,6.71,0.0065,0
1665793554,14309959,False,35900,102435.48,36.77,0.0065,0
1665793620,14309960,True,193285,102439.185,198.0,0.0065,2
1665793650,14309961,False,979,102435.48,1.0,0.0065,0
1665793731,14309962,False,766162,102435.48,784.82,0.0065,2
1665793731,14309963,False,1799999,102417.551,1843.52,0.0063,2
1665793731,14309964,False,12966937,102296.154,13264.68,0.0051,2
1665793731,14309965,False,2255648,102296.154,2307.44,0.0051,2
1665793759,14309966,True,976188,102439.185,1000.0,0.0065,2
1665793773,14309967,False,1367899,102300.748,1399.37,0.0051,2
1665793796,14309968,True,97618,102439.185,100.0,0.0065,2
1665793802,14309969,False,2020000,102310.312,2066.67,0.0052,2
1665793802,14309970,False,97672,102310.312,99.93,0.0052,0
1665793802,14309971,False,1515000,102310.312,1550.0,0.0052,2
1665793802,14309972,False,1549000,102296.353,1584.57,0.0051,2
1665793802,14309973,False,4769534,102288.661,4878.69,0.005,2
1665793906,14309974,True,1952,102437.777,2.0,0.0065,0
1665794178,14309975,False,354272,102289.0,362.38,0.005,2
1665794362,14309976,False,427409,102289.0,437.19,0.005,2
1665794429,14309977,True,976,102383.442,1.0,0.006,0
1665794439,14309978,False,1092591,102289.0,1117.6,0.005,2
1665794439,14309979,False,427825,102289.0,437.62,0.005,2
1665794439,14309980,False,26016721,102226.426,26595.97,0.0044,1
1665794506,14309981,False,37014,102228.373,37.84,0.0044,0
1665794555,14309982,True,195343,102383.669,200.0,0.006,2
1665794564,14309983,False,2930,102228.425,3.0,0.0044,0
1665794595,14309984,True,488362,102382.999,500.0,0.006,2
1665794710,14309985,True,1952999,102382.953,1999.54,0.006,2
1665794804,14309986,True,97664,102390.923,100.0,0.006,2
1665794862,14309987,False,19220,102244.621,19.65,0.0046,0
1665794877,14309988,False,53401,102244.621,54.6,0.0046,0
1665794893,14309989,False,121584,102244.338,124.31,0.0046,2
1665794978,14309990,True,31532,102371.097,32.28,0.0058,0
1665795093,14309991,False,492330,102291.174,503.61,0.0051,2
1665795096,14309992,True,468000,102412.551,479.29,0.0062,2
1665795096,14309993,True,20000,102413.528,20.48,0.0063,0
1665795099,14309994,False,191500,102291.184,195.89,0.0051,2
1665795144,14309995,False,48270,102291.235,49.38,0.0051,0
1665795175,14309996,True,9842,102408.858,10.08,0.0062,0
1665795179,14309997,False,7864,102291.285,8.04,0.0051,0
1665795183,14309998,True,1952999,102408.858,2000.04,0.0062,2
1665795215,14309999,False,531630,102291.326,543.81,0.0051,2
1665795423,14310000,True,15847,102407.0,16.23,0.0062,0
1665795482,14310001,True,3942,102469.735,4.04,0.0068,0
1665795540,14310002,False,305556,102296.481,312.57,0.0051,2
1665795589,14310003,False,1910000,102294.9,1953.83,0.0051,2
1665795589,14310004,False,30645,102294.9,31.35,0.0051,0
1665795609,14310005,False,1580000,102300.42,1616.35,0.0051,2
1665795609,14310006,False,410979,102298.98,420.43,0.0051,2
1665795657,14310007,False,107730,102213.811,110.11,0.0043,2
1665795687,14310008,False,146722,102213.831,149.97,0.0043,2
1665795764,14310009,True,1406,102401.669,1.44,0.0061,0
1665795833,14310010,True,9765,102401.668,10.0,0.0061,0
1665795916,14310011,False,14323,102207.476,14.64,0.0042,0
1665795953,14310012,False,1420000,102207.517,1451.35,0.0042,2
1665795953,14310013,False,2937785,102207.517,3002.64,0.0042,2
1665796032,14310014,False,3379,102207.608,3.45,0.0042,0
1665796085,14310015,True,976546,102401.663,1000.0,0.0061,2
1665796164,14310016,False,973,102215.987,0.99,0.0043,0
1665796331,14310017,False,468252,102203.36,478.57,0.0042,2
1665796349,14310018,False,98829,102203.37,101.01,0.0042,2
1665796440,14310019,False,6832,102203.37,6.98,0.0042,0
1665796516,14310020,True,50000,102397.664,51.2,0.0061,0
1665796571,14310021,True,97951,102397.643,100.3,0.0061,2
1665796606,14310022,True,97657,102397.613,100.0,0.0061,2
1665796625,14310023,True,6766,102397.582,6.93,0.0061,0
1665796634,14310024,True,5771,102397.572,5.91,0.0061,0
1665796870,14310025,False,1135725,102203.36,1160.75,0.0042,2
1665796870,14310026,False,264275,102203.36,270.1,0.0042,2
1665797007,14310027,False,20242496,102203.309,20688.5,0.0042,1
1665797013,14310028,True,48828,102397.438,50.0,0.0061,0
1665797027,14310029,True,8906,102397.438,9.12,0.0061,0
1665797170,14310030,True,976,102397.435,1.0,0.0061,0
1665797408,14310031,False,64180,102203.299,65.59,0.0042,0
1665797476,14310032,True,1445,102397.292,1.48,0.0061,0
1665797494,14310033,False,1600000,102203.299,1635.25,0.0042,2
1665797494,14310034,False,1398820,102203.299,1429.64,0.0042,2
1665797494,14310035,True,48970752,102203.29,50049.72,0.0042,1
1665797494,14310036,True,2190000,102397.272,2242.5,0.0061,2
1665797494,14310037,True,22176248,102397.272,22707.87,0.0061,1
1665797494,14310038,True,6856000,102397.272,7020.36,0.0061,2
1665797540,14310039,True,1650,102397.221,1.69,0.0061,0
1665797553,14310040,False,91937,102202.943,93.96,0.0042,0
1665797576,14310041,True,14852,102397.22,15.21,0.0061,0
1665797685,14310042,False,1760,102203.024,1.8,0.0042,0
1665797711,14310043,False,5756,102203.054,5.88,0.0042,0
1665797748,14310044,True,390635,102397.217,400.0,0.0061,2
1665797817,14310045,True,6396,102396.346,6.55,0.0061,0
1665797928,14310046,True,283213,102396.234,290.0,0.0061,2
1665797996,14310047,True,9765,102396.163,10.0,0.0061,0
1665798039,14310048,True,24414,102396.113,25.0,0.0061,0
1665798054,14310049,True,89225,102396.113,91.36,0.0061,0
1665798078,14310050,False,31317,102202.018,32.01,0.0042,0
1665798096,14310051,False,39071,102202.018,39.93,0.0042,0
1665798132,14310052,True,1269,102396.021,1.3,0.0061,0
1665798137,14310053,True,31045,102396.021,31.79,0.0061,0
1665798321,14310054,True,9297,102395.819,9.52,0.0061,0
1665798457,14310055,True,448954,102395.696,459.71,0.0061,2
1665798544,14310056,True,48898,102395.655,50.07,0.0061,0
1665798685,14310057,False,84706,102219.915,86.59,0.0044,0
1665798702,14310058,True,195321,102395.482,200.0,0.0061,2
1665798725,14310059,True,5205,102395.452,5.33,0.0061,0
1665798773,14310060,True,13076,102395.391,13.39,0.0061,0
1665798799,14310061,False,469100,102202.018,479.43,0.0042,2
1665798847,14310062,False,7850,102202.018,8.02,0.0042,0
1665798872,14310063,False,82300,102202.018,84.11,0.0042,0
1665799000,14310064,False,4686,102202.018,4.79,0.0042,0
1665799196,14310065,False,1431682,102202.018,1463.21,0.0042,2
1665799196,14310066,False,3397318,102192.152,3471.79,0.0041,2
1665799257,14310067,True,4891,102222.0,5.0,0.0044,0
1665799354,14310068,True,14742,102221.978,15.07,0.0044,0
1665799412,14310069,True,5576,102221.927,5.7,0.0044,0
1665799440,14310070,True,118996,102221.907,121.64,0.0044,2
1665799492,14310071,False,15751,102128.593,16.09,0.0035,0
1665799493,14310072,False,491584,102128.593,502.05,0.0035,2
1665799533,14310073,True,4600000,102221.816,4702.2,0.0044,2
1665799533,14310074,True,1560000,102221.816,1594.66,0.0044,2
1665799533,14310075,True,687853,102221.816,703.14,0.0044,2
1665799597,14310076,True,2152,102221.735,2.2,0.0044,0
1665799770,14310077,True,48920,102206.297,50.0,0.0042,0
1665799832,14310078,False,156900,102012.365,160.06,0.0023,2
1665799895,14310079,True,978,102206.146,1.0,0.0042,0
1665799947,14310080,True,9784,102206.085,10.0,0.0042,0
1665800166,14310081,True,97841,102206.063,100.0,0.0042,2
1665800225,14310082,True,80719,102206.063,82.5,0.0042,0
1665800331,14310083,False,188830,102032.661,192.67,0.0025,2
1665800404,14310084,False,7770,102044.872,7.93,0.0026,0
1665800623,14310085,True,9782,102222.0,10.0,0.0044,0
1665800770,14310086,True,3913,102221.99,4.0,0.0044,0
1665800779,14310087,True,2670,102221.99,2.73,0.0044,0
1665800789,14310088,False,508635,102085.798,519.24,0.003,2
1665800834,14310089,True,59272,102221.99,60.59,0.0044,0
1665801208,14310090,True,97825,102221.99,100.0,0.0044,2
1665801211,14310091,True,12300000,102221.99,12573.3,0.0044,2
1665801219,14310092,False,3642,102086.413,3.72,0.003,0
1665801250,14310093,True,21847,102221.99,22.33,0.0044,0
1665801250,14310094,True,14978333,102222.0,15311.15,0.0044,2
1665801275,14310095,True,15000000,102222.0,15333.3,0.0044,2
1665801286,14310096,False,24797,102086.548,25.31,0.003,0
1665801453,14310097,True,7111,102222.0,7.27,0.0044,0
1665801658,14310098,False,7590,102135.015,7.75,0.0035,0
1665802059,14310099,True,12224,102222.0,12.5,0.0044,0
1665802059,14310100,True,18356,102276.096,18.77,0.0049,0
1665802226,14310101,False,9780,102082.229,9.98,0.003,0
1665802328,14310102,True,977,102276.095,1.0,0.0049,0
1665802452,14310103,False,9780,102118.086,9.99,0.0034,0
1665802646,14310104,False,123236,102118.328,125.85,0.0034,2
1665803165,14310105,False,16082,102151.755,16.43,0.0037,0
1665803451,14310106,True,74308,102276.096,76.0,0.0049,0
1665803491,14310107,True,8926817,102276.096,9130.0,0.0049,2
1665803744,14310108,False,96250,102152.399,98.32,0.0037,0
1665803939,14310109,False,970000,102152.641,990.88,0.0037,2
1665804108,14310110,False,85030,102152.853,86.86,0.0037,0
1665804239,14310111,False,11440,102152.995,11.69,0.0037,0
1665804249,14310112,True,978,102276.096,1.0,0.0049,0
1665804249,14310113,True,1747,102347.212,1.79,0.0056,0
1665804317,14310114,True,2931,102348.73,3.0,0.0056,0
1665804680,14310115,True,1777,102369.83,1.82,0.0058,0
1665804823,14310116,True,5996,102386.2,6.14,0.006,0
1665804862,14310117,False,4880,102192.797,4.99,0.0041,0
1665805018,14310118,False,2680,102298.674,2.74,0.0051,0
1665805712,14310119,True,1855,102385.2,1.9,0.006,0
1665806354,14310120,True,152354,102392.461,156.0,0.006,2
1665806940,14310121,True,1000,102300.0,1.02,0.0051,0
1665806940,14310122,True,17322,102395.65,17.74,0.0061,0
1665807080,14310123,True,4355,102390.58,4.46,0.006,0
1665807310,14310124,True,268683,102390.0,275.1,0.006,2
1665807394,14310125,False,100000,102249.99,102.25,0.0046,2
1665807501,14310126,False,626210,102249.99,640.3,0.0046,2
1665807665,14310127,False,2000,102250.0,2.05,0.0046,0
1665807665,14310128,False,1000,102249.99,1.02,0.0046,0
1665807665,14310129,False,43720,102243.39,44.7,0.0046,0
1665807741,14310130,False,245370,102209.99,250.79,0.0043,2
1665807760,14310131,False,250000,102209.99,255.52,0.0043,2
1665808628,14310132,False,3781,102208.333,3.86,0.0042,0
1665808678,14310133,False,2000,102249.99,2.04,0.0046,0
1665808776,14310134,True,2000,102249.97,2.04,0.0046,0
1665808791,14310135,True,20000,102249.97,20.45,0.0046,0
1665809314,14310136,True,76000,102249.97,77.71,0.0046,0
1665809314,14310137,True,21787,102307.176,22.29,0.0052,0
1665809405,14310138,True,977,102307.174,1.0,0.0052,0
1665809609,14310139,False,1000,102200.03,1.02,0.0042,0
1665809609,14310140,False,1000,102200.02,1.02,0.0042,0
1665809609,14310141,False,1000,102199.99,1.02,0.0042,0
1665809609,14310142,False,1000,102189.99,1.02,0.0041,0
1665809609,14310143,False,4525,102180.02,4.62,0.004,0
1665809648,14310144,True,8660,102307.173,8.86,0.0052,0
1665809689,14310145,False,3910,102200.01,4.0,0.0042,0
1665809702,14310146,True,434769,102307.173,444.8,0.0052,2
1665809939,14310147,False,9938,102200.04,10.16,0.0042,0
1665809985,14310148,True,1133,102307.172,1.16,0.0052,0
1665810101,14310149,False,33008,102200.01,33.73,0.0042,0
1665810257,14310150,True,14454,102307.171,14.79,0.0052,0
1665810257,14310151,True,172219,102307.171,176.19,0.0052,2
1665810417,14310152,True,102477,102307.171,104.84,0.0052,2
1665811316,14310153,False,1000,102200.0,1.02,0.0042,0
1665811316,14310154,False,1000,102200.0,1.02,0.0042,0
1665811316,14310155,False,21900,102200.0,22.38,0.0042,0
1665811404,14310156,True,48261,102255.13,49.35,0.0047,0
1665812243,14310157,True,1000,102235.35,1.02,0.0045,0
1665812253,14310158,False,1000,102219.99,1.02,0.0044,0
1665812585,14310159,False,1000,102179.99,1.02,0.004,0
1665812585,14310160,False,1000,102175.0,1.02,0.0039,0
1665812585,14310161,False,1000,102170.0,1.02,0.0039,0
1665812585,14310162,False,1000,102166.66,1.02,0.0038,0
1665812585,14310163,False,1000,102166.6,1.02,0.0038,0
1665812585,14310164,False,1000,102160.0,1.02,0.0038,0
1665812585,14310165,False,1000,102155.0,1.02,0.0037,0
1665812585,14310166,False,100362,102152.85,102.52,0.0037,2
1665812585,14310167,False,2000,102150.0,2.04,0.0037,0
1665812585,14310168,False,1000,102150.0,1.02,0.0037,0
1665812585,14310169,False,1000,102149.99,1.02,0.0037,0
1665812585,14310170,False,2000,102149.99,2.04,0.0037,0
1665812585,14310171,False,5136638,102126.178,5245.85,0.0034,2
1665812945,14310172,False,22284,102115.01,22.76,0.0033,0
1665812986,14310173,False,50403,102115.07,51.47,0.0033,0
1665812986,14310174,False,49505,102115.07,50.55,0.0033,0
1665812988,14310175,False,24087,102115.07,24.6,0.0033,0
1665813241,14310176,True,29045,102219.97,29.69,0.0044,0
1665813330,14310177,False,100000,102115.02,102.12,0.0033,2
1665813412,14310178,False,1000,102219.99,1.02,0.0044,0
1665813412,14310179,False,1000,102209.99,1.02,0.0043,0
1665813412,14310180,False,1000,102199.99,1.02,0.0042,0
1665813423,14310181,False,356350,102115.101,363.89,0.0033,2
1665813678,14310182,False,100000,102155.455,102.16,0.0037,2
1665813904,14310183,False,100000,102115.111,102.12,0.0033,2
1665813922,14310184,False,545030,102115.131,556.56,0.0033,2
1665814064,14310185,False,1000,102114.99,1.02,0.0033,0
1665814064,14310186,True,99000,102114.97,101.09,0.0033,2
1665814228,14310187,False,28850,102115.381,29.46,0.0033,0
1665815230,14310188,False,250000,102120.638,255.3,0.0034,2
1665815399,14310189,True,1095,102263.123,1.12,0.0048,0
1665816030,14310190,False,49000,102116.66,50.04,0.0033,0
1665816080,14310191,True,977,102258.545,1.0,0.0047,0
1665816491,14310192,False,20380,102125.558,20.81,0.0034,0
1665816829,14310193,False,58420,102108.667,59.65,0.0033,0
1665818112,14310194,False,100000,102100.322,102.1,0.0032,2
1665818516,14310195,True,48932,102180.0,50.0,0.004,0
1665818785,14310196,False,1980,102100.02,2.02,0.0032,0
1665818852,14310197,True,34003,102179.997,34.74,0.004,0
1665818889,14310198,False,2000,102100.0,2.04,0.0032,0
1665818889,14310199,False,1000,102099.99,1.02,0.0032,0
1665818889,14310200,False,1000,102095.95,1.02,0.0031,0
1665818889,14310201,False,979,102082.078,1.0,0.003,0
1665818889,14310202,False,2000,102050.0,2.04,0.0027,0
1665818889,14310203,False,1000,102049.99,1.02,0.0027,0
1665818889,14310204,False,2000,102049.99,2.04,0.0027,0
1665820568,14310205,True,6897,102049.97,7.04,0.0027,0
1665820687,14310206,True,83122,102049.97,84.83,0.0027,0
1665820687,14310207,True,180166,102180.0,184.09,0.004,2
1665820689,14310208,False,6840,102026.33,6.98,0.0024,0
1665821928,14310209,False,118334,102047.339,120.76,0.0027,2
1665822233,14310210,True,293738,102131.551,300.0,0.0035,2
1665822538,14310211,True,20578,102098.273,21.01,0.0032,0
1665822670,14310212,False,45340,102047.057,46.27,0.0027,0
1665822718,14310213,True,93021,102126.55,95.0,0.0034,0
1665822931,14310214,True,8833000,102000.02,9009.66,0.0022,2
1665822952,14310215,False,3310,102000.01,3.38,0.0022,0
1665823425,14310216,False,425000,102008.804,433.54,0.0023,2
1665823425,14310217,False,421000,102006.96,429.45,0.0023,2
1665823425,14310218,False,1000,102000.01,1.02,0.0022,0
1665823425,14310219,False,2000,102000.0,2.04,0.0022,0
1665823425,14310220,False,4391000,102000.0,4478.82,0.0022,2
1665823632,14310221,False,3480,102000.0,3.55,0.0022,0
1665823759,14310222,True,42313,102000.008,43.16,0.0022,0
1665823861,14310223,False,229830,102000.0,234.43,0.0022,2
1665823944,14310224,False,229840,102000.0,234.44,0.0022,2
1665823969,14310225,False,23145850,102000.0,23608.77,0.0022,1
1665823969,14310226,False,1000,102000.0,1.02,0.0022,0
1665823969,14310227,False,1000,101999.99,1.02,0.0022,0
1665824056,14310228,False,980,101973.494,1.0,0.0019,0
1665824056,14310229,False,107902,101943.4,110.0,0.0016,2
1665824056,14310230,False,879960,101900.0,896.68,0.0012,2
1665824056,14310231,False,98200,101900.0,100.07,0.0012,2
1665824056,14310232,False,1000,101899.99,1.02,0.0012,0
1665824089,14310233,True,4597,101800.0,4.68,0.00023,0
1665824488,14310234,True,6561,101799.991,6.68,0.00023,0
1665824648,14310235,True,1208,101799.991,1.23,0.00023,0
1665825002,14310236,True,491032,101826.26,500.0,0.00048,2
1665825010,14310237,False,100000,101805.398,101.81,0.00028,2
1665825173,14310238,False,1000,101799.99,1.02,0.00023,0
1665825238,14310239,True,491000,101791.343,499.8,0.00014,2
1665825309,14310240,True,2000,101799.97,2.04,0.00023,0
1665825396,14310241,True,11060,101799.97,11.26,0.00023,0
1665825403,14310242,True,122199,101799.97,124.4,0.00023,2
1665825403,14310243,True,86940,101799.97,88.5,0.00023,0
1665825403,14310244,True,63778,101799.97,64.93,0.00023,0
1665825403,14310245,True,508000,101852.776,517.41,0.00074,2
1665825403,14310246,True,8070082,101871.34,8221.1,0.00093,2
1665825555,14310247,True,295287,101802.86,300.61,0.00025,2
1665825810,14310248,True,2000,101844.39,2.04,0.00066,0
1665825829,14310249,True,49096,101839.325,50.0,0.00061,0
1665825841,14310250,True,2000,101834.845,2.04,0.00057,0
1665825857,14310251,True,2877,101832.419,2.93,0.00054,0
1665825951,14310252,True,981728,101861.03,1000.0,0.00083,2
1665826354,14310253,True,1961,101926.71,2.0,0.0015,0
1665826372,14310254,True,1000,101926.71,1.02,0.0015,0
1665826381,14310255,True,1000,101925.138,1.02,0.0015,0
1665826461,14310256,True,279848,101926.71,285.24,0.0015,2
1665826475,14310257,False,100070,101862.757,101.93,0.00084,2
1665826628,14310258,False,18200,101840.862,18.54,0.00063,0
1665826736,14310259,False,1000,101899.99,1.02,0.0012,0
1665826743,14310260,True,980,101899.97,1.0,0.0012,0
1665826900,14310261,True,2453,101899.97,2.5,0.0012,0
1665826919,14310262,False,4354,101883.117,4.44,0.001,0
1665827627,14310263,True,101311,101851.88,103.19,0.00074,2
1665827784,14310264,True,491000,101823.544,499.95,0.00046,2
1665828025,14310265,True,98142,101892.219,100.0,0.0011,2
1665828101,14310266,True,9736,101883.856,9.92,0.001,0
1665828159,14310267,True,981657,101868.556,1000.0,0.0009,2
1665828234,14310268,True,1963,101878.116,2.0,0.00099,0
1665828301,14310269,True,78508,101899.97,80.0,0.0012,0
1665828385,14310270,True,3402669,101883.54,3466.76,0.001,2
1665828515,14310271,False,1079660,101863.877,1099.78,0.00085,2
1665828572,14310272,True,17058,101899.97,17.38,0.0012,0
1665828572,14310273,True,179186,101915.27,182.62,0.0014,2
1665828574,14310274,True,2943,101915.27,3.0,0.0014,0
1665828705,14310275,True,1961,101924.21,2.0,0.0014,0
1665828747,14310276,False,2924,101903.021,2.98,0.0012,0
1665828856,14310277,True,2020,101940.42,2.06,0.0016,0
1665829045,14310278,True,9800,102034.478,10.0,0.0025,0
1665829077,14310279,False,25970,101938.744,26.47,0.0016,0
1665829451,14310280,True,19606,102006.83,20.0,0.0023,0
1665829609,14310281,True,118553,102062.46,121.0,0.0028,2
1665829623,14310282,False,145010,102056.483,147.99,0.0027,2
1665829683,14310283,True,7596462,102117.68,7757.33,0.0033,2
1665829704,14310284,True,4445,102123.44,4.54,0.0034,0
1665829919,14310285,True,1076,102180.0,1.1,0.004,0
1665830091,14310286,False,1396000,102134.319,1425.8,0.0035,2
1665830091,14310287,False,847000,102133.366,865.07,0.0035,2
1665830091,14310288,False,829000,102133.154,846.68,0.0035,2
1665830091,14310289,False,2692290,102132.702,2749.71,0.0035,2
1665830141,14310290,False,764000,102144.064,780.38,0.0036,2
1665830141,14310291,False,144083,102143.636,147.17,0.0036,2
1665830221,14310292,False,47970,102161.234,49.01,0.0038,0
1665830367,14310293,False,950150,102160.887,970.68,0.0038,2
1665830696,14310294,False,18909900,102154.859,19317.38,0.0037,2
1665830818,14310295,True,1467,102180.0,1.5,0.004,0
1665830886,14310296,True,2994629,102139.85,3058.71,0.0036,2
1665831056,14310297,True,96841,102132.95,98.91,0.0035,0
1665831195,14310298,False,225500,102130.207,230.3,0.0035,2
1665831409,14310299,True,146860,102137.63,150.0,0.0035,2
1665831489,14310300,True,12727,102137.63,13.0,0.0035,0
1665831620,14310301,True,41277,102173.22,42.17,0.0039,0
1665831659,14310302,True,29360,102173.22,30.0,0.0039,0
1665831701,14310303,True,490663,102167.68,501.3,0.0038,2
1665831778,14310304,True,561558,102180.0,573.8,0.004,2
1665831963,14310305,True,195753,102168.66,200.0,0.0038,2
1665831966,14310306,True,9787,102168.66,10.0,0.0038,0
1665832179,14310307,True,9786,102180.0,10.0,0.004,0
1665832223,14310308,False,44040,102171.646,45.0,0.0039,0
1665832302,14310309,False,68510,102146.455,69.98,0.0036,0
1665832314,14310310,True,978,102180.0,1.0,0.004,0
1665832333,14310311,False,71260,102157.785,72.8,0.0037,0
1665832442,14310312,True,47546,102180.0,48.58,0.004,0
1665832442,14310313,True,163864,102186.29,167.45,0.004,2
1665832478,14310314,False,788975,102174.827,806.13,0.0039,2
1665832565,14310315,True,98000,102175.424,100.13,0.0039,2
1665832616,14310316,True,308837,102147.52,315.47,0.0036,2
1665832691,14310317,False,123170,102146.133,125.81,0.0036,2
1665832799,14310318,True,9788,102162.46,10.0,0.0038,0
1665832834,14310319,True,391533,102162.46,400.0,0.0038,2
1665833096,14310320,True,421110,102160.65,430.21,0.0038,2
1665833288,14310321,True,97887,102156.98,100.0,0.0037,2
1665833504,14310322,True,234956,102146.69,240.0,0.0036,2
1665833678,14310323,True,283905,102146.69,290.0,0.0036,2
1665833680,14310324,False,177530,102141.176,181.33,0.0036,2
1665833812,14310325,False,6088860,102111.765,6217.44,0.0033,2
1665833907,14310326,True,48951,102141.19,50.0,0.0036,0
1665833964,14310327,False,4458,102122.46,4.55,0.0034,0
1665834006,14310328,True,5110,102142.43,5.22,0.0036,0
1665834102,14310329,False,195880,102122.461,200.04,0.0034,2
1665834183,14310330,False,4445,102132.498,4.54,0.0035,0
1665834202,14310331,True,9790,102142.43,10.0,0.0036,0
1665834235,14310332,True,146814,102142.43,149.96,0.0036,2
1665834315,14310333,False,101290,102141.795,103.46,0.0036,2
1665834540,14310334,False,14559,102098.801,14.87,0.0032,0
1665834609,14310335,True,97921,102123.02,100.0,0.0034,2
1665834649,14310336,False,56734522,102121.603,57938.2,0.0034,1
1665834649,14310337,False,43265478,102121.603,44183.4,0.0034,1
1665834682,14310338,False,203730,102077.535,207.96,0.003,2
1665834890,14310339,True,73426,102142.43,75.0,0.0036,0
1665834923,14310340,True,83383,102142.43,85.17,0.0036,0
1665834923,14310341,True,58551,102184.89,59.83,0.004,0
1665834987,14310342,True,73397,102184.005,75.0,0.004,0
1665835069,14310343,True,100000,102200.0,102.2,0.0042,2
1665835069,14310344,True,877472,102200.41,896.78,0.0042,2
1665835316,14310345,False,39245,102188.0,40.1,0.004,0
1665835316,14310346,False,497090,102151.022,507.78,0.0037,2
1665835329,14310347,True,148086,102203.881,151.35,0.0042,2
1665835347,14310348,False,738666,102146.789,754.52,0.0036,2
1665835473,14310349,False,45370,102108.2,46.33,0.0033,0
1665835510,14310350,False,178940,102111.006,182.72,0.0033,2
1665835635,14310351,True,9789,102145.252,10.0,0.0036,0
1665835635,14310352,False,543632,102031.491,554.68,0.0025,2
1665835646,14310353,True,10768,102145.252,11.0,0.0036,0
1665835847,14310354,True,24473,102149.724,25.0,0.0037,0
1665836066,14310355,True,48963,102115.224,50.0,0.0033,0
1665836085,14310356,False,442660,102027.115,451.63,0.0025,2
1665836088,14310357,False,12347,102028.72,12.6,0.0025,0
1665836131,14310358,False,1026079,102032.077,1046.93,0.0025,2
1665836132,14310359,False,174200,102032.077,177.74,0.0025,2
1665836167,14310360,True,1959000,102118.38,2000.5,0.0034,2
1665836194,14310361,True,546000,102110.378,557.52,0.0033,2
1665836194,14310362,True,540000,102112.106,551.41,0.0033,2
1665836194,14310363,True,1080000,102113.591,1102.83,0.0033,2
1665836194,14310364,True,1127000,102116.169,1150.85,0.0033,2
1665836194,14310365,True,1603000,102116.389,1636.93,0.0033,2
1665836261,14310366,True,146851,102143.777,150.0,0.0036,2
1665836469,14310367,True,490338,102149.72,500.88,0.0037,2
1665836563,14310368,True,309040,102149.72,315.68,0.0037,2
1665836563,14310369,True,1158356,102241.1,1184.32,0.0046,2
1665836653,14310370,False,35240,102097.031,35.98,0.0031,0
1665836854,14310371,True,488728,102306.37,500.0,0.0052,2
1665836866,14310372,True,29323,102306.37,30.0,0.0052,0
1665836935,14310373,True,96669,102315.14,98.91,0.0053,0
1665836999,14310374,False,46515,102138.972,47.51,0.0036,0
1665837016,14310375,False,10000000,102138.992,10213.9,0.0036,2
1665837130,14310376,True,48000,102315.14,49.11,0.0053,0
1665837147,14310377,False,439209,102155.393,448.68,0.0037,2
1665837366,14310378,False,707187,102179.806,722.6,0.004,2
1665837403,14310379,True,30235,102295.6,30.93,0.0051,0
1665837405,14310380,False,576450,102187.288,589.06,0.004,2
1665837442,14310381,True,391023,102295.62,400.0,0.0051,2
1665837485,14310382,True,488809,102291.37,500.01,0.0051,2
1665837493,14310383,False,594000,102196.041,607.04,0.0041,2
1665837497,14310384,True,977,102279.45,1.0,0.0049,0
1665837527,14310385,False,1620,102199.01,1.66,0.0041,0
1665837639,14310386,False,1056710,102212.717,1080.09,0.0043,2
1665837725,14310387,False,183957,102240.686,188.08,0.0046,2
1665837877,14310388,False,4193779,102256.923,4288.43,0.0047,2
1665837896,14310389,True,87332,102298.6,89.34,0.0051,0
1665837933,14310390,True,172497,102279.63,176.43,0.0049,2
1665838180,14310391,False,5582,102268.081,5.71,0.0048,0
1665838256,14310392,True,9775,102299.85,10.0,0.0051,0
1665838345,14310393,True,7194,102299.85,7.36,0.0051,0
1665838400,14310394,False,154836,102276.773,158.36,0.0049,2
1665838481,14310395,True,9776,102285.78,10.0,0.005,0
1665838505,14310396,True,977653,102285.78,1000.0,0.005,2
1665838535,14310397,True,2913,102285.78,2.98,0.005,0
1665838709,14310398,True,251047,102260.09,256.72,0.0047,2
1665838824,14310399,True,489199,102207.48,500.0,0.0042,2
1665839033,14310400,True,1956,102199.01,2.0,0.0041,0
1665839211,14310401,True,176126,102199.01,180.0,0.0041,2
1665839376,14310402,False,108519,102199.0,110.91,0.0041,2
1665839540,14310403,True,978483,102199.009,1000.0,0.0041,2
1665839573,14310404,False,107130,102199.0,109.49,0.0041,2
1665839589,14310405,False,9763,102199.0,9.98,0.0041,0
1665839620,14310406,True,2739752,102199.009,2800.0,0.0041,2
1665839659,14310407,True,14520,102199.009,14.84,0.0041,0
1665839707,14310408,True,4549,102199.009,4.65,0.0041,0
1665839725,14310409,False,2445,102199.0,2.5,0.0041,0
1665839729,14310410,True,7826,102199.009,8.0,0.0041,0
1665839994,14310411,False,3272142,102199.0,3344.1,0.0041,2
1665840018,14310412,False,193740,102000.08,197.61,0.0022,2
1665840080,14310413,False,1389736,102000.08,1417.53,0.0022,2
1665840160,14310414,False,7770,102000.08,7.93,0.0022,0
1665840175,14310415,False,1000,102000.08,1.02,0.0022,0
1665840187,14310416,True,735293,102000.089,750.0,0.0022,2
1665840191,14310417,False,17370,102000.08,17.72,0.0022,0
1665840247,14310418,True,990,102000.09,1.01,0.0022,0
1665840259,14310419,True,979,102000.09,1.0,0.0022,0
1665840309,14310420,False,7777,102000.08,7.93,0.0022,0
1665840444,14310421,False,1703601,102000.08,1737.67,0.0022,2
1665840456,14310422,True,98039,102000.089,100.0,0.0022,2
1665840593,14310423,True,9823,102000.089,10.02,0.0022,0
1665840625,14310424,True,49019,102000.088,50.0,0.0022,0
1665840690,14310425,False,2212445,102000.08,2256.7,0.0022,2
1665840709,14310426,False,7570,102000.08,7.72,0.0022,0
1665840826,14310427,False,197892,102000.08,201.85,0.0022,2
1665840826,14310428,False,20784,102000.0,21.2,0.0022,0
1665840826,14310429,False,2000,102000.0,2.04,0.0022,0
1665840826,14310430,False,1000,102000.0,1.02,0.0022,0
1665840826,14310431,False,401123,101937.37,408.89,0.0016,2
1665840832,14310432,True,9809000,101948.7,10000.15,0.0017,2
1665840901,14310433,False,97254,101936.67,99.14,0.0016,0
1665841204,14310434,False,981,101908.251,1.0,0.0013,0
1665841252,14310435,True,99018,101908.231,100.91,0.0013,2
1665841252,14310436,True,48173,101908.26,49.09,0.0013,0
1665841275,14310437,False,5110803,101890.367,5207.42,0.0011,2
1665841283,14310438,True,1471,101908.26,1.5,0.0013,0
1665841358,14310439,False,584050,101898.562,595.14,0.0012,2
1665841376,14310440,True,8842000,101908.26,9010.73,0.0013,2
1665841397,14310441,True,4365565,101934.11,4450.0,0.0015,2
1665841451,14310442,True,49016,102006.56,50.0,0.0023,0
1665841497,14310443,False,155457,101904.928,158.42,0.0013,2
1665841498,14310444,True,4852,102006.56,4.95,0.0023,0
1665841903,14310445,False,169470,101960.412,172.79,0.0018,2
1665841915,14310446,False,494387,101961.905,504.09,0.0018,2
1665841931,14310447,False,333260,101965.908,339.81,0.0019,2
1665842010,14310448,True,17365,101983.71,17.71,0.002,0
1665842102,14310449,False,77110,101976.813,78.63,0.002,0
1665842114,14310450,True,157729,102003.6,160.89,0.0022,2
1665842166,14310451,True,1176429,102003.6,1200.0,0.0022,2
1665842229,14310452,False,8400,101980.219,8.57,0.002,0
1665842234,14310453,True,19577,102159.589,20.0,0.0038,0
1665842286,14310454,False,1850000,101993.232,1886.87,0.0021,2
1665842286,14310455,False,5000000,101993.232,5099.66,0.0021,2
1665842286,14310456,False,692423,101993.226,706.22,0.0021,2
1665842346,14310457,True,20556,102159.588,21.0,0.0038,0
1665842444,14310458,True,97886,102159.588,100.0,0.0038,2
1665842452,14310459,False,94950,102009.795,96.86,0.0023,0
1665842462,14310460,True,1052115,102159.588,1074.84,0.0038,2
1665842470,14310461,False,208030,102009.945,212.21,0.0023,2
1665842622,14310462,False,419000,102025.65,427.49,0.0024,2
1665842622,14310463,False,1060000,102025.333,1081.47,0.0024,2
1665842622,14310464,False,943458,102025.313,962.57,0.0024,2
1665842635,14310465,False,72420,102026.06,73.89,0.0024,0
1665843094,14310466,False,25050,102064.87,25.57,0.0028,0
1665843107,14310467,False,979,102058.739,1.0,0.0028,0
1665843270,14310468,True,97954,102088.11,100.0,0.0031,2
1665843440,14310469,True,1959,102055.42,2.0,0.0027,0
1665843570,14310470,False,434000,102028.63,442.8,0.0025,2
1665843570,14310471,False,434000,102026.913,442.8,0.0025,2
1665843570,14310472,False,980,102026.06,1.0,0.0024,0
1665843570,14310473,False,831999,102014.59,848.76,0.0023,2
1665843570,14310474,False,94609,102013.376,96.51,0.0023,0
1665843589,14310475,False,27390,102018.54,27.94,0.0024,0
1665843603,14310476,True,25000000,101976.89,25494.22,0.002,1
1665843603,14310477,True,1820000,101999.58,1856.39,0.0022,2
1665843604,14310478,False,870321,102008.23,887.8,0.0023,2
1665843622,14310479,True,588187,102008.24,600.0,0.0023,2
1665843682,14310480,False,9807,101976.884,10.0,0.002,0
1665843682,14310481,False,120302,101969.515,122.67,0.0019,2
1665843742,14310482,True,1275,101945.41,1.3,0.0017,0
1665843787,14310483,True,490458,101945.41,500.0,0.0017,2
1665843789,14310484,True,1265,101945.41,1.29,0.0017,0
1665843833,14310485,True,1275,101945.41,1.3,0.0017,0
1665843836,14310486,True,6680,101945.41,6.81,0.0017,0
1665843887,14310487,True,38255,101945.41,39.0,0.0017,0
1665843893,14310488,False,2100,101917.261,2.14,0.0014,0
1665844041,14310489,False,271170,101930.188,276.4,0.0015,2
1665844059,14310490,False,67790,101930.188,69.1,0.0015,0
1665844077,14310491,False,16950,101928.532,17.28,0.0015,0
1665844090,14310492,False,4240,101922.46,4.32,0.0014,0
1665844103,14310493,False,1060,101922.468,1.08,0.0014,0
1665844176,14310494,True,2440000,101952.18,2487.63,0.0017,2
1665844176,14310495,True,7369000,101952.18,7512.86,0.0017,2
1665844231,14310496,True,979,101940.82,1.0,0.0016,0
1665844240,14310497,True,25000000,101915.59,25478.9,0.0014,1
1665844246,14310498,True,22105,101922.53,22.53,0.0014,0
1665844306,14310499,False,15160,101932.731,15.45,0.0015,0
1665844351,14310500,True,47129,102079.667,48.11,0.003,0
1665844391,14310501,True,49003,102032.38,50.0,0.0025,0
1665844407,14310502,True,98007,102032.38,100.0,0.0025,2
1665844484,14310503,True,147071,101990.9,150.0,0.0021,2
1665844486,14310504,False,5530,101951.811,5.64,0.0017,0
1665844564,14310505,True,49023,101990.9,50.0,0.0021,0
1665844697,14310506,True,35263,101992.77,35.97,0.0021,0
1665844751,14310507,True,49031,101974.56,50.0,0.0019,0
1665844861,14310508,True,1078,101974.56,1.1,0.0019,0
1665844925,14310509,True,3431966,101982.31,3500.0,0.002,2
1665844937,14310510,True,980463,101992.54,1000.0,0.0021,2
1665844941,14310511,True,5480,101992.54,5.59,0.0021,0
1665845010,14310512,False,29999,101967.562,30.59,0.0019,0
1665845024,14310513,False,56088,101967.598,57.19,0.0019,0
1665845047,14310514,False,1840000,101967.636,1876.2,0.0019,2
1665845047,14310515,False,1728326,101967.636,1762.33,0.0019,2
1665845065,14310516,True,53662,102044.18,54.76,0.0026,0
1665845066,14310517,False,35017,101967.676,35.71,0.0019,0
1665845135,14310518,False,53631,101979.907,54.69,0.002,0
1665845198,14310519,True,83301,102039.38,85.0,0.0026,0
1665845300,14310520,False,568180,101973.759,579.39,0.0019,2
1665845368,14310521,False,75700,101935.516,77.17,0.0016,0
1665845405,14310522,False,68670,101968.76,70.02,0.0019,0
1665845585,14310523,True,1783,102004.541,1.82,0.0022,0
1665845656,14310524,True,4020,101978.64,4.1,0.002,0
1665845887,14310525,True,38854,101972.6,39.62,0.0019,0
1665846037,14310526,False,40000,101942.22,40.78,0.0016,0
1665846137,14310527,False,774020,101939.871,789.03,0.0016,2
1665846244,14310528,True,588457,101961.52,600.0,0.0018,2
1665846278,14310529,True,25000000,101957.87,25489.47,0.0018,1
1665846330,14310530,False,146775,101948.717,149.64,0.0017,2
1665846398,14310531,False,1553423,101941.628,1583.58,0.0016,2
1665846441,14310532,True,979,101941.62,1.0,0.0016,0
1665846445,14310533,True,9881,101941.62,10.07,0.0016,0
1665846445,14310534,True,79245,101945.625,80.79,0.0017,0
1665846473,14310535,True,10817,101959.98,11.03,0.0018,0
1665846539,14310536,True,981140,101922.19,1000.0,0.0014,2
1665846564,14310537,False,4910,101899.017,5.0,0.0012,0
1665846591,14310538,True,29433,101922.19,30.0,0.0014,0
1665846626,14310539,True,5386,101922.19,5.49,0.0014,0
1665846762,14310540,False,4910,101898.249,5.0,0.0012,0
1665846906,14310541,False,47980,101898.299,48.89,0.0012,0
1665846937,14310542,True,98448,101931.481,100.35,0.0015,2
1665846960,14310543,False,96108,101861.776,97.9,0.00083,0
1665846961,14310544,False,173530,101861.776,176.76,0.00083,2
1665846976,14310545,False,4620,101865.566,4.71,0.00087,0
1665846980,14310546,False,304659,101867.116,310.35,0.00089,2
1665847012,14310547,True,91335,101921.205,93.09,0.0014,0
1665847112,14310548,False,979,101883.725,1.0,0.001,0
1665847120,14310549,False,96841,101883.736,98.67,0.001,0
1665847123,14310550,False,469770,101883.736,478.62,0.001,2
1665847125,14310551,False,12160,101883.736,12.39,0.001,0
1665847156,14310552,False,196130,101883.761,199.82,0.001,2
1665847169,14310553,True,31178,101897.02,31.77,0.0012,0
1665847253,14310554,False,46120,101872.196,46.98,0.00094,0
1665847313,14310555,False,924392,101870.312,941.68,0.00092,2
1665847347,14310556,False,90690,101883.822,92.4,0.001,0
1665847466,14310557,False,44140,101883.985,44.97,0.0011,0
1665847725,14310558,True,98117,101917.637,100.0,0.0014,2
1665847806,14310559,True,1038427,101917.637,1058.34,0.0014,2
1665847851,14310560,False,957030,101879.416,975.02,0.001,2
1665847891,14310561,True,187294,101930.4,190.91,0.0015,2
1665847900,14310562,True,7210,101930.4,7.35,0.0015,0
1665847955,14310563,True,90620,101930.4,92.37,0.0015,0
1665848057,14310564,True,8054,101927.872,8.21,0.0015,0
1665848124,14310565,False,65000,101886.993,66.23,0.0011,0
1665848162,14310566,True,49071,101891.73,50.0,0.0011,0
1665848167,14310567,False,89990,101887.071,91.69,0.0011,0
1665848219,14310568,False,185990,101887.071,189.5,0.0011,2
1665848316,14310569,False,32107,101854.325,32.7,0.00076,0
1665848319,14310570,True,4319,101854.33,4.4,0.00076,0
1665848337,14310571,True,17809,101854.33,18.14,0.00076,0
1665848377,14310572,False,100000,101854.325,101.85,0.00076,2
1665848383,14310573,True,49089,101854.33,50.0,0.00076,0
1665848527,14310574,True,1266,101882.678,1.29,0.001,0
1665848545,14310575,True,89382,101854.35,91.04,0.00076,0
1665848587,14310576,False,17680,101854.33,18.01,0.00076,0
1665848633,14310577,False,100000,101850.02,101.85,0.00072,2
1665848828,14310578,False,6219,101850.0,6.34,0.00072,0
1665848918,14310579,False,33010,101854.342,33.62,0.00076,0
1665848969,14310580,False,100000,101854.402,101.85,0.00076,2
1665849036,14310581,False,1000,101849.99,1.02,0.00072,0
1665849036,14310582,True,99000,101849.97,100.83,0.00072,2
1665849407,14310583,False,88759,101830.485,90.38,0.00053,0
1665849554,14310584,False,16860,101833.241,17.17,0.00055,0
1665849615,14310585,True,2060000,101851.59,2098.14,0.00073,2
1665849615,14310586,True,32,101851.59,0.03,0.00073,0
1665849679,14310587,False,6787,101817.686,6.91,0.0004,0
1665849697,14310588,False,16093,101817.686,16.39,0.0004,0
1665849733,14310589,False,985090,101817.676,1003.0,0.0004,2
1665849776,14310590,True,2200000,101804.31,2239.69,0.00027,2
1665849777,14310591,True,22800000,101804.31,23211.38,0.00027,1
1665849777,14310592,False,38706,101817.686,39.41,0.0004,0
1665849794,14310593,True,886722,101817.7,902.84,0.0004,2
1665849973,14310594,False,96897,101798.587,98.64,0.00021,0
1665849996,14310595,True,39872,101798.91,40.59,0.00022,0
1665850221,14310596,False,2210000,101798.699,2249.75,0.00021,2
1665850221,14310597,False,50571999,101798.699,51481.64,0.00021,1
1665850253,14310598,False,57989,101798.709,59.03,0.00021,0
1665850278,14310599,True,139903,101827.05,142.46,0.00049,2
1665850282,14310600,False,68740,101799.02,69.98,0.00022,0
1665850282,14310601,True,10557,101827.05,10.75,0.00049,0
1665850364,14310602,False,82440,101800.412,83.92,0.00023,0
1665850511,14310603,False,327000,101807.183,332.91,0.0003,2
1665850530,14310604,False,327010,101809.869,332.93,0.00032,2
1665850548,14310605,True,372871,101828.55,379.69,0.00051,2
1665850577,14310606,True,6493000,101828.55,6611.73,0.00051,2
1665850607,14310607,True,20000000,101858.17,20371.63,0.0008,1
1665850625,14310608,True,28784,101887.07,29.33,0.0011,0
1665850625,14310609,True,1575932,101892.76,1605.76,0.0011,2
1665850659,14310610,True,15000833,101912.36,15287.7,0.0013,2
1665850698,14310611,True,356371,101932.98,363.26,0.0015,2
1665850704,14310612,True,14651307,101932.98,14934.51,0.0015,2
1665850829,14310613,True,1940000,101909.22,1977.04,0.0013,2
1665850829,14310614,True,7325,101909.22,7.46,0.0013,0
1665850863,14310615,True,20000000,101909.22,20381.84,0.0013,1
1665851012,14310616,True,9810,101926.96,10.0,0.0015,0
1665851119,14310617,False,28441,101849.225,28.97,0.00071,0
1665851157,14310618,True,1000010,101945.62,1019.47,0.0017,2
1665851187,14310619,True,15000532,101953.81,15293.61,0.0017,2
1665851386,14310620,True,9809,101939.46,10.0,0.0016,0
1665851463,14310621,False,724838,101884.965,738.5,0.0011,2
1665851473,14310622,True,102864,101939.46,104.86,0.0016,2
1665851488,14310623,True,4904,101939.46,5.0,0.0016,0
1665851598,14310624,True,2942,101939.46,3.0,0.0016,0
1665851606,14310625,False,23470,101893.922,23.91,0.0011,0
1665851810,14310626,True,979,101953.46,1.0,0.0017,0
1665851928,14310627,False,38800,101908.971,39.54,0.0013,0
1665851972,14310628,False,138924,101903.098,141.57,0.0012,2
1665852136,14310629,True,19200000,101855.37,19556.23,0.00077,2
1665852139,14310630,True,19400000,101852.33,19759.35,0.00074,2
1665852180,14310631,False,5449,101825.174,5.55,0.00047,0
1665852188,14310632,True,2857,101851.82,2.91,0.00073,0
1665852299,14310633,True,5420,101825.13,5.52,0.00047,0
1665852467,14310634,True,196415,101825.13,200.0,0.00047,2
1665852539,14310635,True,14024,101823.29,14.28,0.00045,0
1665852603,14310636,True,24552,101823.29,25.0,0.00045,0
1665852633,14310637,False,27300,101818.109,27.8,0.0004,0
1665852655,14310638,True,982093,101823.29,1000.0,0.00045,2
1665852732,14310639,True,25000000,101819.74,25454.94,0.00042,1
1665852810,14310640,True,4910,101823.29,5.0,0.00045,0
1665853005,14310641,True,5755,101818.43,5.86,0.00041,0
1665853085,14310642,False,172050,101795.076,175.14,0.00018,2
1665853089,14310643,True,54351,101818.43,55.34,0.00041,0
1665853183,14310644,False,51070,101791.34,51.98,0.00014,0
1665853314,14310645,False,383000,101794.565,389.87,0.00017,2
1665853314,14310646,False,441560,101793.156,449.48,0.00016,2
1665853327,14310647,True,16797,101823.29,17.1,0.00045,0
1665853327,14310648,True,4893186,101833.38,4982.9,0.00055,2
1665853402,14310649,True,15048872,101819.76,15322.73,0.00042,2
1665853547,14310650,True,10000000,101821.52,10182.15,0.00044,2
1665853683,14310651,False,84326,101792.55,85.84,0.00015,0
1665853686,14310652,True,15005031,101800.86,15275.25,0.00023,2
1665853700,14310653,True,1473,101792.56,1.5,0.00015,0
1665853745,14310654,True,15007470,101792.56,15276.49,0.00015,2
1665853766,14310655,True,2573,101792.56,2.62,0.00015,0
1665853794,14310656,True,491195,101792.56,500.0,0.00015,2
1665853859,14310657,True,4910,101813.72,5.0,0.00036,0
1665853894,14310658,True,294655,101813.72,300.0,0.00036,2
1665853989,14310659,False,9820,101792.56,10.0,0.00015,0
1665853995,14310660,True,18533,101813.72,18.87,0.00036,0
1665854037,14310661,True,1971648,101813.72,2007.41,0.00036,2
1665854049,14310662,False,25960,101792.58,26.43,0.00015,0
1665854144,14310663,False,13620,101809.366,13.87,0.00032,0
1665854239,14310664,False,14730,101806.649,15.0,0.00029,0
1665854285,14310665,True,49111,101809.36,50.0,0.00032,0
1665854329,14310666,True,10000985,101809.36,10181.94,0.00032,2
1665854408,14310667,True,23475,101809.36,23.9,0.00032,0
1665854453,14310668,True,19644,101809.36,20.0,0.00032,0
1665854661,14310669,True,97165,101809.36,98.92,0.00032,0
1665854802,14310670,True,63285,101808.35,64.43,0.00031,0
1665855090,14310671,True,7985,101804.35,8.13,0.00027,0
1665855141,14310672,False,288611,101792.55,293.78,0.00015,2
1665855154,14310673,False,20019,101792.55,20.38,0.00015,0
1665855154,14310674,False,96290,101791.34,98.01,0.00014,0
1665855154,14310675,False,50000,101791.34,50.9,0.00014,0
1665855154,14310676,False,236471,101750.0,240.61,-0.00027,2
1665855209,14310677,False,64320,101750.0,65.45,-0.00027,0
1665855249,14310678,True,2230,101792.56,2.27,0.00015,0
1665855387,14310679,True,2947556,101779.22,3000.0,2.2e-05,2
1665855392,14310680,True,25000000,101778.97,25444.74,1.9e-05,1
1665855397,14310681,True,147375,101781.14,150.0,4.1e-05,2
1665855502,14310682,True,294750,101781.14,300.0,4.1e-05,2
1665855732,14310683,True,1157616,101759.91,1177.99,-0.00017,2
1665855842,14310684,True,95035,101781.14,96.73,4.1e-05,0
1665855842,14310685,True,874935,101804.35,890.72,0.00027,2
1665855891,14310686,False,12500,101750.0,12.72,-0.00027,0
1665855891,14310687,False,376000,101726.294,382.49,-0.0005,2
1665855891,14310688,False,2000000,101724.739,2034.49,-0.00051,2
1665855891,14310689,False,2440000,101700.1,2481.48,-0.00076,2
1665855891,14310690,False,2375537,101700.1,2415.92,-0.00076,2
1665855915,14310691,True,1700000,101755.64,1729.85,-0.00021,2
1665855915,14310692,True,560000,101775.768,569.94,-1.2e-05,2
1665855915,14310693,True,530000,101776.75,539.42,-2.6e-06,2
1665855915,14310694,True,1386000,101790.337,1410.81,0.00013,2
1665855915,14310695,True,1143000,101790.425,1163.46,0.00013,2
1665855915,14310696,True,1143000,101791.712,1163.48,0.00014,2
1665855915,14310697,True,1358000,101791.872,1382.33,0.00015,2
1665855915,14310698,True,1315000,101792.289,1338.57,0.00015,2
1665855915,14310699,True,1273000,101793.311,1295.83,0.00016,2
1665855915,14310700,True,1120000,101793.476,1140.09,0.00016,2
1665855915,14310701,True,95003,101804.35,96.72,0.00027,0
1665855915,14310702,True,35261,101809.36,35.9,0.00032,0
1665855915,14310703,True,3860000,101831.339,3930.69,0.00053,2
1665855915,14310704,True,5350000,101832.856,5448.06,0.00055,2
1665855915,14310705,True,10000,101840.0,10.18,0.00062,0
1665855915,14310706,True,34405918,101912.13,35063.8,0.0013,1
1665855915,14310707,True,2200000,101912.131,2242.07,0.0013,2
1665855915,14310708,True,1925000,101920.258,1961.96,0.0014,2
1665855915,14310709,True,1847000,101920.98,1882.48,0.0014,2
1665855915,14310710,True,1847000,101922.147,1882.5,0.0014,2
1665855915,14310711,True,2349000,101922.771,2394.17,0.0014,2
1665855915,14310712,True,1807000,101922.832,1841.75,0.0014,2
1665855915,14310713,True,2299000,101925.265,2343.26,0.0015,2
1665855915,14310714,True,2299000,101926.876,2343.3,0.0015,2
1665855915,14310715,True,1787818,102081.0,1825.02,0.003,2
1665855928,14310716,False,1466144,101700.12,1491.07,-0.00076,2
1665855947,14310717,True,12803192,101702.81,13021.21,-0.00073,2
1665855951,14310718,True,8860000,101893.353,9027.75,0.0011,2
1665855993,14310719,False,10000000,101734.765,10173.48,-0.00042,2
1665856010,14310720,True,2806442,101748.74,2855.52,-0.00028,2
1665856048,14310721,False,1800,101741.352,1.83,-0.00035,0
1665856142,14310722,True,196563,101748.01,200.0,-0.00028,2
1665856316,14310723,False,46860,101743.092,47.68,-0.00033,0
1665856381,14310724,True,49139,101751.5,50.0,-0.00025,0
1665856398,14310725,True,1867,101751.5,1.9,-0.00025,0
1665856426,14310726,False,196560,101721.783,199.94,-0.00054,2
1665856477,14310727,False,49040,101721.783,49.88,-0.00054,0
1665856538,14310728,True,4914357,101742.69,5000.0,-0.00034,2
1665856563,14310729,False,2108510,101742.68,2145.25,-0.00034,2
1665856687,14310730,False,10045,101733.755,10.22,-0.00043,0
1665856703,14310731,True,28773,101757.3,29.28,-0.00019,0
1665856739,14310732,True,2025989,101898.37,2064.45,0.0012,2
1665856765,14310733,True,9252592,101738.12,9413.41,-0.00038,2
1665856765,14310734,True,32684377,101898.339,33304.84,0.0012,1
1665856765,14310735,True,1620000,101930.909,1651.28,0.0015,2
1665856765,14310736,True,1254000,102016.337,1279.28,0.0024,2
1665856765,14310737,True,1562000,102016.8,1593.5,0.0024,2
1665856765,14310738,True,744000,102016.983,759.01,0.0024,2
1665856765,14310739,True,1176000,102017.611,1199.73,0.0024,2
1665856765,14310740,True,783145,102017.714,798.95,0.0024,2
1665856976,14310741,False,50710,101771.779,51.61,-5.1e-05,0
1665857042,14310742,False,110049,101821.891,112.05,0.00044,2
1665857140,14310743,False,5702,101821.892,5.81,0.00044,0
1665857226,14310744,True,58226,102015.327,59.4,0.0023,0
1665857279,14310745,False,43690,101838.566,44.49,0.0006,0
1665857320,14310746,True,196247,102014.286,200.2,0.0023,2
1665857538,14310747,True,10745,101998.19,10.96,0.0022,0
1665857540,14310748,True,4902,101998.19,5.0,0.0022,0
1665857745,14310749,True,196110,101983.079,200.0,0.002,2
1665857754,14310750,False,38090,101818.707,38.78,0.00041,0
1665857809,14310751,False,491930,101844.135,501.0,0.00066,2
1665857817,14310752,False,4780000,101845.819,4868.23,0.00068,2
1665857817,14310753,False,2460000,101845.819,2505.41,0.00068,2
1665857817,14310754,False,7672166,101845.819,7813.78,0.00068,2
1665857905,14310755,True,1961111,101982.958,2000.0,0.002,2
1665857949,14310756,False,130870,101816.788,133.25,0.00039,2
1665858013,14310757,True,98055,101982.956,100.0,0.002,2
1665858119,14310758,True,49027,101982.845,50.0,0.002,0
1665858157,14310759,False,3150,101871.307,3.21,0.00093,0
1665858201,14310760,True,248081,101982.744,253.0,0.002,2
1665858215,14310761,False,80000,101869.891,81.5,0.00091,0
1665858414,14310762,True,489895,102062.62,500.0,0.0028,2
1665858429,14310763,True,8974,102062.6,9.16,0.0028,0
1665858548,14310764,False,2100000,101877.729,2139.43,0.00099,2
1665858548,14310765,False,1196000,101877.729,1218.46,0.00099,2
1665858548,14310766,False,2593000,101877.127,2641.67,0.00098,2
1665858548,14310767,False,1376148,101876.975,1401.98,0.00098,2
1665858606,14310768,False,4160,101879.132,4.24,0.001,0
1665858608,14310769,False,2435840,101879.132,2481.61,0.001,2
1665858608,14310770,False,645160,101879.132,657.28,0.001,2
1665858664,14310771,False,53423,101877.488,54.43,0.00099,0
1665858748,14310772,False,330000,101882.73,336.21,0.001,2
1665858783,14310773,True,9113,102045.606,9.3,0.0026,0
1665858797,14310774,False,948946,101879.296,966.78,0.001,2
1665858816,14310775,True,383769,102045.565,391.62,0.0026,2
1665858883,14310776,True,686076,102029.415,700.0,0.0025,2
1665858937,14310777,False,37000,101892.611,37.7,0.0011,0
1665859113,14310778,False,124249,101891.623,126.6,0.0011,2
1665859124,14310779,True,1760000,102027.602,1795.69,0.0025,2
1665859124,14310780,True,151247,102027.602,154.31,0.0025,2
1665859167,14310781,True,88221,102015.398,90.0,0.0023,0
1665859190,14310782,False,20010,101893.594,20.39,0.0011,0
1665859232,14310783,True,9802,102012.613,10.0,0.0023,0
1665859482,14310784,True,24902,101996.97,25.4,0.0022,0
1665859522,14310785,True,3287,101897.35,3.35,0.0012,0
1665859788,14310786,True,4905,101918.089,5.0,0.0014,0
1665859833,14310787,True,122851,101918.088,125.21,0.0014,2
1665859838,14310788,False,122970,101873.097,125.27,0.00094,2
1665859935,14310789,True,25000000,101738.31,25434.58,-0.00038,1
1665860323,14310790,True,38954,101816.37,39.66,0.00039,0
1665860359,14310791,False,176298,101816.362,179.5,0.00039,2
1665860381,14310792,False,1060,101804.889,1.08,0.00027,0
1665860592,14310793,True,20232,101720.01,20.58,-0.00056,0
1665860597,14310794,False,9980,101720.0,10.15,-0.00056,0
1665860597,14310795,False,38298,101700.14,38.95,-0.00076,0
1665860622,14310796,False,413990,101710.932,421.07,-0.00065,2
1665860642,14310797,True,29984,101720.01,30.5,-0.00056,0
1665860695,14310798,False,246344,101713.976,250.57,-0.00062,2
1665860698,14310799,True,785,101720.01,0.8,-0.00056,0
1665860748,14310800,True,245576,101801.24,250.0,0.00024,2
1665860818,14310801,True,25000000,101732.27,25433.07,-0.00044,1
1665860979,14310802,True,9831000,101715.42,9999.64,-0.00061,2
1665860981,14310803,True,22254,101715.42,22.64,-0.00061,0
1665861027,14310804,True,14477000,101728.36,14727.21,-0.00048,2
1665861048,14310805,False,2880,101714.037,2.93,-0.00062,0
1665861053,14310806,True,1966,101721.9,2.0,-0.00054,0
1665861091,14310807,True,65745,101801.24,66.93,0.00024,0
1665861123,14310808,False,749731,101801.227,763.24,0.00024,2
1665861300,14310809,False,150800,101715.639,153.39,-0.0006,2
1665861313,14310810,False,14219,101715.659,14.46,-0.0006,0
1665861314,14310811,False,163120,101715.659,165.92,-0.0006,2
1665861350,14310812,False,108780,101715.69,110.65,-0.0006,2
1665861368,14310813,False,20986,101715.7,21.35,-0.0006,0
1665861391,14310814,True,1042,101725.1,1.06,-0.00051,0
1665861445,14310815,False,956000,101801.227,973.22,0.00024,2
1665861593,14310816,False,162320,101715.474,165.1,-0.0006,2
1665861815,14310817,False,10000,101716.568,10.17,-0.00059,0
1665861871,14310818,False,245500,101716.568,249.71,-0.00059,2
1665861951,14310819,True,21923,101716.58,22.3,-0.00059,0
1665861972,14310820,True,14746,101716.58,15.0,-0.00059,0
1665862067,14310821,True,16713,101716.58,17.0,-0.00059,0
1665862116,14310822,True,983,101716.58,1.0,-0.00059,0
1665862214,14310823,False,100000,101716.568,101.72,-0.00059,2
1665862494,14310824,True,9831,101715.68,10.0,-0.0006,0
1665862529,14310825,True,981,101732.17,1.0,-0.00044,0
1665862553,14310826,True,2457433,101732.17,2500.0,-0.00044,2
1665862566,14310827,True,5206624,101732.17,5296.81,-0.00044,2
1665862566,14310828,True,3148647,101732.17,3203.19,-0.00044,2
1665862989,14310829,False,268200,101715.351,272.8,-0.00061,2
1665863048,14310830,False,89400,101715.351,90.93,-0.00061,0
1665863148,14310831,False,11130,101711.79,11.32,-0.00064,0
1665863148,14310832,False,62352,101701.89,63.41,-0.00074,0
1665863507,14310833,False,30919,101709.54,31.45,-0.00066,0
1665863604,14310834,False,5293,101709.54,5.38,-0.00066,0
1665863627,14310835,True,15593,101709.55,15.86,-0.00066,0
1665864008,14310836,False,101801,101709.54,103.54,-0.00066,2
1665864103,14310837,False,1000000,101709.54,1017.1,-0.00066,2
1665864181,14310838,False,58370,101709.54,59.37,-0.00066,0
1665864202,14310839,True,4552,101709.55,4.63,-0.00066,0
1665864338,14310840,False,4870,101709.54,4.95,-0.00066,0
1665864410,14310841,True,4915,101709.55,5.0,-0.00066,0
1665864481,14310842,True,4837,101709.55,4.92,-0.00066,0
1665864733,14310843,True,15681,101709.55,15.95,-0.00066,0
1665864936,14310844,False,1141,101709.54,1.16,-0.00066,0
1665864936,14310845,False,8539,101700.12,8.68,-0.00076,0
1665865002,14310846,False,48270,101709.54,49.1,-0.00066,0
1665865066,14310847,False,30570,101709.54,31.09,-0.00066,0
1665865135,14310848,True,6881,101709.55,7.0,-0.00066,0
1665865225,14310849,False,1640000,101709.54,1668.04,-0.00066,2
1665865225,14310850,False,2390021,101709.54,2430.88,-0.00066,2
1665865596,14310851,False,953810,101709.54,970.12,-0.00066,2
1665865652,14310852,False,786549,101709.54,800.0,-0.00066,2
1665865728,14310853,True,5879,101709.55,5.98,-0.00066,0
1665865829,14310854,False,133000,101700.12,135.26,-0.00076,2
1665865866,14310855,False,10862,101700.12,11.05,-0.00076,0
1665865942,14310856,False,2947,101700.12,3.0,-0.00076,0
1665865961,14310857,False,1850,101700.12,1.88,-0.00076,0
1665866021,14310858,False,238474,101700.12,242.53,-0.00076,2
1665866164,14310859,True,25000000,101700.13,25425.03,-0.00076,1
1665866164,14310860,True,1730000,101713.942,1759.65,-0.00062,2
1665866164,14310861,True,5650000,101804.395,5751.95,0.00027,2
1665866164,14310862,True,8383123,101804.395,8534.39,0.00027,2
1665866178,14310863,True,983,101700.13,1.0,-0.00076,0
1665866194,14310864,True,2920,101700.13,2.97,-0.00076,0
1665866238,14310865,True,52437,101700.13,53.33,-0.00076,0
1665866907,14310866,True,98328,101700.13,100.0,-0.00076,2
1665866929,14310867,False,23580,101700.12,23.98,-0.00076,0
1665867046,14310868,False,19950,101700.12,20.29,-0.00076,0
1665867073,14310869,True,98328,101700.13,100.0,-0.00076,2
1665867113,14310870,False,2900,101700.12,2.95,-0.00076,0
1665867197,14310871,True,16646,101700.13,16.93,-0.00076,0
1665867227,14310872,True,983282,101700.13,1000.0,-0.00076,2
1665867245,14310873,True,2900,101700.13,2.95,-0.00076,0
1665867294,14310874,False,156340,101700.12,159.0,-0.00076,2
1665867307,14310875,True,336282,101700.13,342.0,-0.00076,2
1665867356,14310876,True,15000032,101700.13,15255.05,-0.00076,2
1665867422,14310877,False,49160,101700.121,50.0,-0.00076,0
1665867710,14310878,True,1966565,101700.13,2000.0,-0.00076,2
1665867955,14310879,False,118000,101700.12,120.01,-0.00076,2
1665867987,14310880,True,29443,101716.58,29.95,-0.00059,0
1665868194,14310881,True,471975,101700.13,480.0,-0.00076,2
1665868197,14310882,True,10491,101700.13,10.67,-0.00076,0
1665868332,14310883,True,14139,101700.13,14.38,-0.00076,0
1665868340,14310884,True,20206,101700.13,20.55,-0.00076,0
1665868411,14310885,False,9050,101720.2,9.21,-0.00056,0
1665868427,14310886,True,1000,101720.21,1.02,-0.00056,0
