timestamp,tid,bool_type,satoshi,price,volume,var_mean,bool_volume
1665421826,14297081,True,629031,100144.856,629.94,-0.011,2
1665421829,14297082,True,529132,100163.98,530.0,-0.011,2
1665421839,14297083,True,587314,100160.211,588.25,-0.011,2
1665421858,14297084,True,21359027,100074.78,21375.0,-0.012,1
1665421863,14297085,False,546000,100045.946,546.25,-0.012,2
1665421874,14297086,False,2308620,100029.962,2309.31,-0.012,2
1665421912,14297087,True,1478964,100174.806,1481.55,-0.011,2
1665421912,14297088,True,30,100174.806,0.03,-0.011,0
1665421937,14297089,False,1890000,100059.212,1891.12,-0.012,2
1665421937,14297090,False,679000,100059.212,679.4,-0.012,2
1665421937,14297091,False,1133000,100058.013,1133.66,-0.012,2
1665421937,14297092,False,1074000,100057.99,1074.62,-0.012,2
1665421937,14297093,False,1472000,100057.75,1472.85,-0.012,2
1665421937,14297094,False,5032280,100057.568,5035.18,-0.012,2
1665421947,14297095,True,19959,100220.729,20.0,-0.01,0
1665421949,14297096,False,298000,100063.602,298.19,-0.012,2
1665421949,14297097,False,984999,100063.484,985.63,-0.012,2
1665421949,14297098,False,519000,100063.376,519.33,-0.012,2
1665422024,14297099,False,472990,100100.177,473.46,-0.012,2
1665422066,14297100,True,521223,100272.832,522.65,-0.0099,2
1665422076,14297101,False,331990,100118.147,332.38,-0.011,2
1665422076,14297102,False,350595,100118.147,351.01,-0.011,2
1665422130,14297103,True,2410291,100251.326,2416.35,-0.01,2
1665422131,14297104,True,169709,100251.326,170.14,-0.01,2
1665422131,14297105,True,675000,100251.326,676.7,-0.01,2
1665422131,14297106,True,5180000,100320.728,5196.61,-0.0094,2
1665422131,14297107,True,668000,100322.172,670.15,-0.0094,2
1665422131,14297108,True,1309000,100322.662,1313.22,-0.0094,2
1665422131,14297109,True,1281000,100322.689,1285.13,-0.0094,2
1665422131,14297110,True,685783,100329.725,688.04,-0.0093,2
1665422140,14297111,False,326000,100182.728,326.6,-0.011,2
1665422140,14297112,False,275000,100182.6,275.5,-0.011,2
1665422144,14297113,True,683205,100354.161,685.62,-0.0091,2
1665422156,14297114,False,414990,100188.561,415.77,-0.011,2
1665422221,14297115,True,199295,100353.237,200.0,-0.0091,2
1665422224,14297116,False,100479,100212.144,100.69,-0.01,2
1665422229,14297117,True,9974,100351.47,10.01,-0.0091,0
1665422252,14297118,True,99647,100364.14,100.01,-0.009,2
1665422270,14297119,True,99636,100364.14,100.0,-0.009,2
1665422275,14297120,False,643266,100228.87,644.74,-0.01,2
1665422335,14297121,True,99636,100364.14,100.0,-0.009,2
1665422340,14297122,False,331000,100252.688,331.84,-0.01,2
1665422340,14297123,False,333480,100252.261,334.32,-0.01,2
1665422358,14297124,False,24940,100258.112,25.0,-0.01,0
1665422411,14297125,True,8959,100364.14,8.99,-0.009,0
1665422411,14297126,True,492043,100440.076,494.21,-0.0082,2
1665422429,14297127,True,148879,100433.656,149.52,-0.0083,2
1665422434,14297128,True,47494,100431.716,47.7,-0.0083,0
1665422443,14297129,True,10184,100444.473,10.23,-0.0082,0
1665422518,14297130,False,306000,100347.573,307.06,-0.0091,2
1665422518,14297131,False,3297990,100346.455,3309.42,-0.0091,2
1665422548,14297132,True,49781,100437.246,50.0,-0.0082,0
1665422576,14297133,True,497859,100429.925,500.0,-0.0083,2
1665422609,14297134,False,806920,100353.764,809.77,-0.0091,2
1665422614,14297135,False,964990,100353.775,968.4,-0.0091,2
1665422637,14297136,False,4078540,100353.776,4092.97,-0.0091,2
1665422664,14297137,False,199000,100345.36,199.69,-0.0091,2
1665422664,14297138,False,1746000,100322.857,1751.64,-0.0094,2
1665422665,14297139,False,3254000,100322.857,3264.51,-0.0094,2
1665422665,14297140,False,1677000,100311.473,1682.22,-0.0095,2
1665422704,14297141,True,368509,100404.516,370.0,-0.0086,2
1665422718,14297142,True,99579,100422.061,100.0,-0.0084,2
1665422722,14297143,False,328000,100307.96,329.01,-0.0095,2
1665422722,14297144,False,32000,100306.943,32.1,-0.0095,0
1665422754,14297145,True,248976,100410.914,250.0,-0.0085,2
1665422773,14297146,True,34093,100429.92,34.24,-0.0083,0
1665422800,14297147,False,1146950,100321.42,1150.64,-0.0094,2
1665422810,14297148,True,117407,100385.052,117.86,-0.0088,2
1665422816,14297149,True,368587,100383.124,370.0,-0.0088,2
1665422843,14297150,False,178340,100322.565,178.92,-0.0094,2
1665422872,14297151,True,121934,100429.92,122.46,-0.0083,2
1665422938,14297152,True,588000,100429.616,590.53,-0.0083,2
1665422938,14297153,True,788442,100429.769,791.83,-0.0083,2
1665422938,14297154,True,497859,100429.769,500.0,-0.0083,2
1665422939,14297155,True,3753,100427.666,3.77,-0.0083,0
1665422945,14297156,True,1304916,100427.666,1310.5,-0.0083,2
1665422945,14297157,True,719,100427.666,0.72,-0.0083,0
1665422952,14297158,True,298715,100429.92,300.0,-0.0083,2
1665422955,14297159,False,38940,100331.304,39.07,-0.0093,0
1665422981,14297160,True,908000,100429.76,911.9,-0.0083,2
1665422981,14297161,True,21192,100429.92,21.28,-0.0083,0
1665422981,14297162,True,66526,100433.206,66.81,-0.0083,0
1665423035,14297163,True,686000,100429.92,688.95,-0.0083,2
1665423035,14297164,True,508831,100436.052,511.05,-0.0082,2
1665423058,14297165,True,602000,100433.55,604.61,-0.0083,2
1665423058,14297166,True,619763,100441.829,622.5,-0.0082,2
1665423060,14297167,True,1911,100441.829,1.92,-0.0082,0
1665423066,14297168,True,49778,100444.47,50.0,-0.0082,0
1665423073,14297169,True,1737222,100444.47,1744.94,-0.0082,2
1665423086,14297170,True,99497,100503.68,100.0,-0.0076,2
1665423096,14297171,True,1273255,100597.888,1280.87,-0.0067,2
1665423103,14297172,True,1338000,100596.791,1345.99,-0.0067,2
1665423103,14297173,True,836754,100597.588,841.75,-0.0067,2
1665423108,14297174,True,795263,100595.594,800.0,-0.0067,2
1665423159,14297175,True,248519,100595.59,250.0,-0.0067,2
1665423208,14297176,True,9940,100595.59,10.0,-0.0067,0
1665423243,14297177,False,301990,100460.816,303.38,-0.008,2
1665423253,14297178,True,3000000,100550.0,3016.5,-0.0071,2
1665423253,14297179,True,15000000,100579.37,15086.91,-0.0068,2
1665423259,14297180,True,497142,100574.77,500.0,-0.0069,2
1665423272,14297181,True,10111,100574.77,10.17,-0.0069,0
1665423274,14297182,True,9942,100574.77,10.0,-0.0069,0
1665423320,14297183,True,1989600,100522.65,2000.0,-0.0074,2
1665423348,14297184,True,994,100595.59,1.0,-0.0067,0
1665423353,14297185,False,1214631,100522.65,1220.98,-0.0074,2
1665423353,14297186,False,943329,100499.415,948.04,-0.0076,2
1665423359,14297187,True,4821,100595.59,4.85,-0.0067,0
1665423433,14297188,True,1005531,100525.29,1010.81,-0.0074,2
1665423450,14297189,True,994,100525.29,1.0,-0.0074,0
1665423473,14297190,False,293327,100484.96,294.75,-0.0078,2
1665423473,14297191,False,817482,100431.01,821.01,-0.0083,2
1665423512,14297192,True,298496,100503.682,300.0,-0.0076,2
1665423570,14297193,False,349000,100446.178,350.56,-0.0081,2
1665423576,14297194,True,7640000,100509.47,7678.92,-0.0075,2
1665423635,14297195,False,340120,100468.82,341.71,-0.0079,2
1665423669,14297196,False,787000,100478.164,790.76,-0.0078,2
1665423669,14297197,False,365000,100477.855,366.74,-0.0078,2
1665423669,14297198,False,738000,100476.774,741.52,-0.0078,2
1665423669,14297199,False,1312000,100476.632,1318.25,-0.0078,2
1665423669,14297200,False,877000,100476.615,881.18,-0.0078,2
1665423669,14297201,False,895999,100476.597,900.27,-0.0078,2
1665423669,14297202,False,1299000,100475.379,1305.18,-0.0079,2
1665423669,14297203,False,1618000,100474.985,1625.69,-0.0079,2
1665423669,14297204,False,12057120,100473.779,12114.24,-0.0079,2
1665423729,14297205,True,31103,100471.74,31.25,-0.0079,0
1665423747,14297206,True,44813,100416.06,45.0,-0.0084,0
1665423760,14297207,False,639000,100383.582,641.45,-0.0088,2
1665423760,14297208,False,1454000,100383.538,1459.58,-0.0088,2
1665423772,14297209,False,4610,100385.982,4.63,-0.0087,0
1665423797,14297210,False,13740,100382.103,13.79,-0.0088,0
1665423798,14297211,True,124504,100402.225,125.0,-0.0086,2
1665423851,14297212,True,398398,100402.069,400.0,-0.0086,2
1665423856,14297213,False,4580,100379.639,4.6,-0.0088,0
1665423861,14297214,False,321000,100362.859,322.16,-0.009,2
1665423861,14297215,True,627000,100399.929,629.51,-0.0086,2
1665423861,14297216,True,1268000,100402.203,1273.1,-0.0086,2
1665423861,14297217,True,2048000,100402.462,2056.24,-0.0086,2
1665423861,14297218,True,1130788,100402.498,1135.34,-0.0086,2
1665423873,14297219,True,996384,100362.87,1000.0,-0.009,2
1665423935,14297220,False,1327990,100328.8,1332.36,-0.0093,2
1665424026,14297221,True,9965000,100350.85,9999.96,-0.0091,2
1665424045,14297222,True,49757,100484.618,50.0,-0.0078,0
1665424111,14297223,False,504990,100355.003,506.78,-0.0091,2
1665424113,14297224,False,749000,100355.296,751.66,-0.009,2
1665424151,14297225,False,139990,100369.38,140.51,-0.0089,2
1665424160,14297226,False,358990,100378.749,360.35,-0.0088,2
1665424166,14297227,True,1349000,100567.706,1356.66,-0.0069,2
1665424169,14297228,False,5480480,100431.0,5504.1,-0.0083,2
1665424171,14297229,True,49715,100569.785,50.0,-0.0069,0
1665424187,14297230,True,1000674,100595.59,1006.63,-0.0067,2
1665424221,14297231,False,11590,100450.544,11.64,-0.0081,0
1665424242,14297232,True,2480000,100595.59,2494.77,-0.0067,2
1665424242,14297233,True,469,100595.59,0.47,-0.0067,0
1665424246,14297234,False,725000,100459.771,728.33,-0.008,2
1665424246,14297235,False,898000,100459.637,902.13,-0.008,2
1665424246,14297236,False,1586999,100458.983,1594.28,-0.008,2
1665424246,14297237,False,1182000,100458.869,1187.42,-0.008,2
1665424246,14297238,False,10608000,100458.626,10656.65,-0.008,2
1665424260,14297239,True,99406,100595.59,100.0,-0.0067,2
1665424277,14297240,True,352660,100595.59,354.76,-0.0067,2
1665424277,14297241,True,1000000,100600.0,1006.0,-0.0066,2
1665424277,14297242,True,994,100606.49,1.0,-0.0066,0
1665424314,14297243,False,202010,100645.906,203.31,-0.0062,2
1665424317,14297244,True,148972,100689.757,150.0,-0.0057,2
1665424325,14297245,True,99314,100689.757,100.0,-0.0057,2
1665424366,14297246,True,2120000,100750.022,2135.9,-0.0051,2
1665424384,14297247,True,846839,100811.72,853.71,-0.0045,2
1665424396,14297248,True,1274643,100811.869,1284.99,-0.0045,2
1665424397,14297249,True,15385,100811.869,15.51,-0.0045,0
1665424402,14297250,False,514050,100740.368,517.86,-0.0052,2
1665424429,14297251,True,9920,100800.33,10.0,-0.0047,0
1665424437,14297252,False,250000,100740.388,251.85,-0.0052,2
1665424445,14297253,False,2255000,100704.441,2270.89,-0.0056,2
1665424453,14297254,False,1500000,100706.376,1510.6,-0.0056,2
1665424453,14297255,False,356000,100706.376,358.51,-0.0056,2
1665424453,14297256,False,1109010,100705.389,1116.83,-0.0056,2
1665424455,14297257,False,682000,100706.863,686.82,-0.0056,2
1665424455,14297258,False,1106000,100706.376,1113.81,-0.0056,2
1665424459,14297259,True,991562,100850.968,1000.0,-0.0042,2
1665424495,14297260,False,336000,100719.944,338.42,-0.0054,2
1665424495,14297261,False,1016690,100719.914,1024.01,-0.0054,2
1665424497,14297262,True,247921,100838.237,250.0,-0.0043,2
1665424502,14297263,True,1499000,100860.457,1511.9,-0.0041,2
1665424502,14297264,True,1171000,100860.479,1181.08,-0.0041,2
1665424502,14297265,True,1295868,100861.003,1307.03,-0.0041,2
1665424554,14297266,False,8970,100743.152,9.04,-0.0052,0
1665424561,14297267,False,1950000,100743.162,1964.49,-0.0052,2
1665424561,14297268,False,1640000,100743.162,1652.19,-0.0052,2
1665424579,14297269,False,5000000,100743.172,5037.16,-0.0052,2
1665424579,14297270,False,370000,100716.072,372.65,-0.0055,2
1665424579,14297271,False,687000,100715.557,691.92,-0.0055,2
1665424579,14297272,False,707000,100713.994,712.05,-0.0055,2
1665424586,14297273,True,7934,100822.163,8.0,-0.0044,0
1665424595,14297274,False,4862770,100701.113,4896.86,-0.0056,2
1665424595,14297275,False,137230,100701.113,138.19,-0.0056,2
1665424595,14297276,False,656250,100692.0,660.79,-0.0057,2
1665424674,14297277,True,13646,100760.455,13.75,-0.005,0
1665424714,14297278,True,992,100746.161,1.0,-0.0052,0
1665424717,14297279,False,45260,100698.383,45.58,-0.0057,0
1665424719,14297280,True,607031,100744.46,611.55,-0.0052,2
1665424737,14297281,True,55836,100739.914,56.25,-0.0052,0
1665424804,14297282,False,147780,100694.9,148.81,-0.0057,2
1665424847,14297283,True,23078,100744.879,23.25,-0.0052,0
1665424853,14297284,True,2270000,100741.856,2286.84,-0.0052,2
1665424853,14297285,True,570000,100741.856,574.23,-0.0052,2
1665424853,14297286,True,595000,100743.541,599.42,-0.0052,2
1665424853,14297287,True,3016764,100753.88,3039.51,-0.0051,2
1665424884,14297288,False,274316,100694.9,276.22,-0.0057,2
1665424884,14297289,False,621214,100661.054,625.32,-0.006,2
1665424890,14297290,True,496336,100738.018,500.0,-0.0053,2
1665424938,14297291,True,99281,100723.407,100.0,-0.0054,2
1665424939,14297292,True,148922,100723.407,150.0,-0.0054,2
1665425082,14297293,False,555000,100640.3,558.55,-0.0062,2
1665425092,14297294,False,5700,100640.3,5.74,-0.0062,0
1665425106,14297295,False,301489,100640.31,303.42,-0.0062,2
1665425228,14297296,True,26578,100646.712,26.75,-0.0062,0
1665425289,14297297,False,300000,100640.3,301.92,-0.0062,2
1665425298,14297298,True,2979,100671.708,3.0,-0.0059,0
1665425332,14297299,False,59690,100640.3,60.07,-0.0062,0
1665425333,14297300,True,7640,100640.3,7.69,-0.0062,0
1665425347,14297301,False,73247,100640.3,73.72,-0.0062,0
1665425347,14297302,False,8943655,100630.0,9000.0,-0.0063,2
1665425347,14297303,False,2300000,100512.453,2311.79,-0.0075,2
1665425347,14297304,False,381000,100512.453,382.95,-0.0075,2
1665425347,14297305,False,12797552,100510.228,12862.85,-0.0075,2
1665425347,14297306,False,5000000,100509.106,5025.46,-0.0075,2
1665425347,14297307,False,17420000,100504.0,17507.8,-0.0076,2
1665425347,14297308,False,732000,100464.729,735.4,-0.008,2
1665425347,14297309,False,916000,100464.518,920.25,-0.008,2
1665425347,14297310,False,1272000,100464.483,1277.91,-0.008,2
1665425347,14297311,False,1181000,100464.35,1186.48,-0.008,2
1665425347,14297312,False,709000,100462.938,712.28,-0.008,2
1665425347,14297313,False,740000,100462.771,743.42,-0.008,2
1665425347,14297314,False,1636000,100462.668,1643.57,-0.008,2
1665425347,14297315,False,1552000,100462.342,1559.18,-0.008,2
1665425347,14297316,False,916000,100460.721,920.22,-0.008,2
1665425347,14297317,False,5688836,100452.888,5714.6,-0.0081,2
1665425348,14297318,True,518867,100640.31,522.19,-0.0062,2
1665425365,14297319,True,24624,100511.494,24.75,-0.0075,0
1665425435,14297320,True,13023100,100429.49,13079.03,-0.0083,2
1665425443,14297321,False,1220990,100380.755,1225.64,-0.0088,2
1665425454,14297322,True,99566,100435.22,100.0,-0.0083,2
1665425454,14297323,True,672542,100435.22,675.47,-0.0083,2
1665425489,14297324,True,652000,100429.482,654.8,-0.0083,2
1665425489,14297325,True,1339384,100434.148,1345.2,-0.0083,2
1665425523,14297326,True,37258,100433.865,37.42,-0.0083,0
1665425545,14297327,False,94862,100395.662,95.24,-0.0086,0
1665425552,14297328,True,198400,100477.451,199.35,-0.0078,2
1665425567,14297329,True,199057,100473.427,200.0,-0.0079,2
1665425587,14297330,True,99521,100480.513,100.0,-0.0078,2
1665425588,14297331,True,1925479,100480.513,1934.73,-0.0078,2
1665425588,14297332,True,1966466,100485.712,1976.02,-0.0078,2
1665425595,14297333,True,149286,100478.253,150.0,-0.0078,2
1665425610,14297334,False,22431,100397.181,22.52,-0.0086,0
1665425635,14297335,True,4480,100427.31,4.5,-0.0083,0
1665425664,14297336,True,10059480,100427.31,10102.47,-0.0083,2
1665425708,14297337,False,3460900,100398.974,3474.71,-0.0086,2
1665425708,14297338,True,2986,100459.787,3.0,-0.008,0
1665425725,14297339,False,36920,100398.996,37.07,-0.0086,0
1665425734,14297340,True,573053,100449.001,575.63,-0.0081,2
1665425796,14297341,False,341000,100405.6,342.38,-0.0086,2
1665425798,14297342,False,10000,100405.6,10.04,-0.0086,0
1665425798,14297343,False,4275010,100404.393,4292.3,-0.0086,2
1665425810,14297344,True,184608,100459.715,185.46,-0.008,2
1665425821,14297345,False,5990,100409.093,6.01,-0.0085,0
1665425832,14297346,False,328000,100409.722,329.34,-0.0085,2
1665425832,14297347,False,273000,100409.104,274.12,-0.0085,2
1665425835,14297348,True,1194166,100488.477,1200.0,-0.0077,2
1665425866,14297349,False,47509,100415.998,47.71,-0.0084,0
1665425925,14297350,False,304026,100436.443,305.35,-0.0082,2
1665425950,14297351,True,994475,100555.535,1000.0,-0.0071,2
1665426055,14297352,True,9995,100585.815,10.05,-0.0068,0
1665426077,14297353,True,13919,100579.653,14.0,-0.0068,0
1665426092,14297354,False,1750000,100477.405,1758.35,-0.0078,2
1665426092,14297355,False,4192000,100477.405,4212.01,-0.0078,2
1665426102,14297356,False,352000,100477.415,353.68,-0.0078,2
1665426115,14297357,True,1514000,100561.108,1522.5,-0.007,2
1665426115,14297358,True,598000,100561.11,601.36,-0.007,2
1665426115,14297359,True,1452000,100562.76,1460.17,-0.007,2
1665426115,14297360,True,2017000,100563.109,2028.36,-0.007,2
1665426115,14297361,True,1249000,100563.406,1256.04,-0.007,2
1665426115,14297362,True,22144421,100564.53,22269.43,-0.007,1
1665426128,14297363,True,557000,100556.072,560.1,-0.0071,2
1665426128,14297364,True,437464,100557.391,439.9,-0.0071,2
1665426169,14297365,False,969000,100418.301,973.05,-0.0084,2
1665426191,14297366,True,99495,100506.563,100.0,-0.0076,2
1665426235,14297367,True,2250032,100395.451,2258.93,-0.0087,2
1665426250,14297368,True,556125,100399.315,558.35,-0.0086,2
1665426263,14297369,True,561000,100395.41,563.22,-0.0087,2
1665426263,14297370,True,702278,100396.368,705.06,-0.0086,2
1665426285,14297371,True,76203,100402.81,76.51,-0.0086,0
1665426323,14297372,True,49799,100402.81,50.0,-0.0086,0
1665426358,14297373,True,24889,100441.352,25.0,-0.0082,0
1665426424,14297374,False,220592,100390.919,221.45,-0.0087,2
1665426500,14297375,True,124492,100415.4,125.01,-0.0085,2
1665426507,14297376,True,39834,100415.4,40.0,-0.0085,0
1665426539,14297377,True,159248,100471.96,160.0,-0.0079,2
1665426554,14297378,False,134000,100397.365,134.53,-0.0086,2
1665426557,14297379,True,49765,100471.96,50.0,-0.0079,0
1665426600,14297380,False,274627,100394.731,275.71,-0.0087,2
1665426605,14297381,True,69220,100461.133,69.54,-0.008,0
1665426628,14297382,False,322000,100386.51,323.24,-0.0087,2
1665426632,14297383,True,31851,100466.008,32.0,-0.008,0
1665426654,14297384,True,5000000,100389.97,5019.5,-0.0087,2
1665426657,14297385,False,100000,100386.5,100.39,-0.0087,2
1665426657,14297386,False,29999,100363.731,30.11,-0.009,0
1665426689,14297387,True,149412,100393.34,150.0,-0.0087,2
1665426710,14297388,True,8977000,100393.34,9012.31,-0.0087,2
1665426712,14297389,True,12000031,100393.34,12047.23,-0.0087,2
1665426741,14297390,True,47682,100393.34,47.87,-0.0087,0
1665426760,14297391,True,52318,100393.34,52.52,-0.0087,0
1665426760,14297392,True,538000,100547.658,540.95,-0.0071,2
1665426760,14297393,True,603216,100549.314,606.53,-0.0071,2
1665426765,14297394,True,1830000,100545.817,1839.99,-0.0072,2
1665426765,14297395,True,511000,100545.817,513.79,-0.0072,2
1665426765,14297396,True,643199,100547.651,646.72,-0.0071,2
1665426773,14297397,True,541000,100540.647,543.92,-0.0072,2
1665426773,14297398,True,35264743,100542.559,35456.07,-0.0072,1
1665426777,14297399,False,409000,100401.068,410.64,-0.0086,2
1665426777,14297400,False,538590,100400.765,540.75,-0.0086,2
1665426810,14297401,False,173850,100412.672,174.57,-0.0085,2
1665426815,14297402,False,1679000,100415.167,1685.97,-0.0085,2
1665426815,14297403,False,1722210,100414.391,1729.35,-0.0085,2
1665426844,14297404,True,994580,100544.81,1000.0,-0.0072,2
1665426863,14297405,False,198920,100431.858,199.78,-0.0083,2
1665426935,14297406,False,175000,100460.369,175.81,-0.008,2
1665426937,14297407,True,99406,100596.053,100.0,-0.0067,2
1665426943,14297408,True,49704,100593.694,50.0,-0.0067,0
1665426949,14297409,False,119999,100466.311,120.56,-0.008,2
1665426953,14297410,False,1193589,100466.705,1199.16,-0.0079,2
1665426953,14297411,False,915000,100466.705,919.27,-0.0079,2
1665426953,14297412,False,1310000,100466.504,1316.11,-0.0079,2
1665426953,14297413,False,197841,100466.321,198.76,-0.008,2
1665426970,14297414,False,73670,100473.648,74.02,-0.0079,0
1665426974,14297415,False,74300,100474.333,74.65,-0.0079,0
1665426984,14297416,False,50000,100477.768,50.24,-0.0078,0
1665427032,14297417,False,1552883,100488.449,1560.47,-0.0077,2
1665427066,14297418,False,2029999,100488.469,2039.92,-0.0077,2
1665427066,14297419,False,1946364,100488.469,1955.87,-0.0077,2
1665427071,14297420,False,1000,100488.469,1.0,-0.0077,0
1665427103,14297421,True,126114,100555.252,126.81,-0.0071,2
1665427157,14297422,True,99496,100506.01,100.0,-0.0076,2
1665427164,14297423,False,142023,100468.784,142.69,-0.0079,2
1665427184,14297424,False,728990,100476.354,732.46,-0.0079,2
1665427187,14297425,True,2128402,100558.05,2140.28,-0.007,2
1665427195,14297426,True,70814,100558.05,71.21,-0.007,0
1665427214,14297427,False,596670,100486.784,599.57,-0.0077,2
1665427240,14297428,True,296765,100550.484,298.4,-0.0071,2
1665427244,14297429,True,99456,100546.898,100.0,-0.0072,2
1665427253,14297430,True,1492066,100531.73,1500.0,-0.0073,2
1665427265,14297431,False,2240000,100490.79,2250.99,-0.0077,2
1665427265,14297432,False,141500,100490.79,142.19,-0.0077,2
1665427327,14297433,True,9947,100523.784,10.0,-0.0074,0
1665427395,14297434,True,241879,100463.328,243.0,-0.008,2
1665427413,14297435,False,766000,100362.165,768.77,-0.009,2
1665427413,14297436,False,1290000,100361.425,1294.66,-0.009,2
1665427413,14297437,False,726000,100361.394,728.62,-0.009,2
1665427413,14297438,False,218000,100361.134,218.79,-0.009,2
1665427445,14297439,False,601000,100350.0,603.1,-0.0091,2
1665427452,14297440,False,844999,100350.01,847.96,-0.0091,2
1665427501,14297441,False,1432990,100350.0,1438.01,-0.0091,2
1665427592,14297442,False,345000,100350.0,346.21,-0.0091,2
1665427639,14297443,False,7472990,100350.0,7499.15,-0.0091,2
1665427640,14297444,True,498266,100350.01,500.01,-0.0091,2
1665427725,14297445,False,306136,100350.0,307.21,-0.0091,2
1665427725,14297446,False,7460864,100332.356,7485.66,-0.0093,2
1665427783,14297447,True,598012,100332.356,600.0,-0.0093,2
1665427820,14297448,True,1370000,100334.62,1374.58,-0.0093,2
1665427820,14297449,True,1204000,100335.073,1208.03,-0.0092,2
1665427820,14297450,True,465814,100336.333,467.38,-0.0092,2
1665427829,14297451,True,49832,100334.459,50.0,-0.0093,0
1665427908,14297452,True,12956,100332.37,13.0,-0.0093,0
1665427924,14297453,True,37375,100332.37,37.5,-0.0093,0
1665427998,14297454,False,608000,100332.356,610.02,-0.0093,2
1665428004,14297455,False,61350,100332.356,61.55,-0.0093,0
1665428063,14297456,True,996686,100332.356,1000.0,-0.0093,2
1665428066,14297457,True,102283,100445.647,102.74,-0.0082,2
1665428127,14297458,True,572000,100332.356,573.9,-0.0093,2
1665428127,14297459,True,424687,100332.37,426.1,-0.0093,2
1665428127,14297460,True,996,100332.37,1.0,-0.0093,0
1665428144,14297461,True,996,100332.356,1.0,-0.0093,0
1665428176,14297462,True,101662,100332.356,102.0,-0.0093,2
1665428178,14297463,True,996,100332.356,1.0,-0.0093,0
1665428205,14297464,True,2200000,100332.37,2207.31,-0.0093,2
1665428205,14297465,True,7766873,100332.37,7792.69,-0.0093,2
1665428211,14297466,True,996,100332.37,1.0,-0.0093,0
1665428215,14297467,True,5000,100332.37,5.02,-0.0093,0
1665428226,14297468,False,39432932,100332.356,39563.99,-0.0093,1
1665428237,14297469,False,200000,100235.29,200.47,-0.01,2
1665428242,14297470,False,199543,100228.86,200.0,-0.01,2
1665428248,14297471,True,997,100182.61,1.0,-0.011,0
1665428258,14297472,True,573000,100182.6,574.05,-0.011,2
1665428258,14297473,True,1098946,100182.61,1100.95,-0.011,2
1665428275,14297474,True,997,100182.6,1.0,-0.011,0
1665428278,14297475,True,5000,100182.6,5.01,-0.011,0
1665428319,14297476,True,9981,100182.61,10.0,-0.011,0
1665428337,14297477,False,386000,100182.61,386.7,-0.011,2
1665428345,14297478,True,50000,100182.61,50.09,-0.011,0
1665428369,14297479,True,499087,100182.6,500.0,-0.011,2
1665428392,14297480,True,50000,100182.6,50.09,-0.011,0
1665428410,14297481,True,997,100182.61,1.0,-0.011,0
1665428432,14297482,True,9981,100182.61,10.0,-0.011,0
1665428444,14297483,False,998,100182.6,1.0,-0.011,0
1665428444,14297484,False,17000,100182.6,17.03,-0.011,0
1665428444,14297485,False,182006,100182.6,182.34,-0.011,2
1665428471,14297486,True,501394,100182.6,502.31,-0.011,2
1665428473,14297487,True,42606,100182.6,42.68,-0.011,0
1665428473,14297488,True,958805,100182.61,960.56,-0.011,2
1665428479,14297489,False,17994,100182.6,18.03,-0.011,0
1665428479,14297490,False,141706,100169.0,141.95,-0.011,2
1665428484,14297491,True,19964,100179.602,20.0,-0.011,0
1665428520,14297492,True,4239837,100182.61,4247.58,-0.011,2
1665428536,14297493,False,93769,100169.0,93.93,-0.011,0
1665428646,14297494,False,25668,100169.0,25.71,-0.011,0
1665428698,14297495,True,17230,100169.0,17.26,-0.011,0
1665428728,14297496,True,1919999,100182.61,1923.51,-0.011,2
1665428728,14297497,True,6065417,100182.61,6076.49,-0.011,2
1665428730,14297498,False,58777,100169.0,58.88,-0.011,0
1665428753,14297499,True,25000000,100169.01,25042.25,-0.011,1
1665428802,14297500,True,551000,100169.61,551.93,-0.011,2
1665428802,14297501,True,2361000,100169.61,2365.0,-0.011,2
1665428802,14297502,True,7071067,100169.62,7083.06,-0.011,2
1665428808,14297503,False,1187000,100169.61,1189.01,-0.011,2
1665428815,14297504,True,99829,100169.62,100.0,-0.011,2
1665428823,14297505,True,997,100169.62,1.0,-0.011,0
1665428831,14297506,False,595990,100169.0,597.0,-0.011,2
1665428839,14297507,True,505000,100169.0,505.85,-0.011,2
1665428839,14297508,True,32770774,100169.62,32826.36,-0.011,1
1665428839,14297509,True,1123630,100169.62,1125.54,-0.011,2
1665428840,14297510,True,49914,100169.62,50.0,-0.011,0
1665428895,14297511,True,623941,100169.62,625.0,-0.011,2
1665428916,14297512,False,14165,100169.0,14.19,-0.011,0
1665428954,14297513,True,303686,100169.0,304.2,-0.011,2
1665428954,14297514,False,20138617,100169.0,20172.65,-0.011,1
1665428995,14297515,True,28072,100169.62,28.12,-0.011,0
1665429042,14297516,False,16210,100169.0,16.24,-0.011,0
1665429096,14297517,False,96098,100169.0,96.26,-0.011,0
1665429104,14297518,True,1661012,100169.01,1663.82,-0.011,2
1665429124,14297519,False,126290,100169.0,126.5,-0.011,2
1665429138,14297520,True,50000,100169.01,50.08,-0.011,0
1665429149,14297521,False,95830,100169.0,95.99,-0.011,0
1665429193,14297522,False,499159,100169.0,500.0,-0.011,2
1665429234,14297523,False,146740,100169.0,146.99,-0.011,2
1665429237,14297524,True,349409,100169.0,350.0,-0.011,2
1665429253,14297525,True,2425,100169.0,2.43,-0.011,0
1665429259,14297526,True,159710,100169.0,159.98,-0.011,2
1665429266,14297527,False,683000,100169.0,684.15,-0.011,2
1665429279,14297528,True,499156,100169.0,500.0,-0.011,2
1665429290,14297529,False,779488,100169.0,780.81,-0.011,2
1665429332,14297530,True,99831,100169.01,100.0,-0.011,2
1665429346,14297531,False,59900,100169.0,60.0,-0.011,0
1665429375,14297532,True,101797,100169.01,101.97,-0.011,2
1665429414,14297533,True,49914,100169.01,50.0,-0.011,0
1665429435,14297534,True,99831,100169.01,100.0,-0.011,2
1665429439,14297535,True,4137572,100169.01,4144.56,-0.011,2
1665429439,14297536,True,853991,100169.01,855.43,-0.011,2
1665429474,14297537,False,1067718,100169.0,1069.52,-0.011,2
1665429529,14297538,True,49838,100323.579,50.0,-0.0094,0
1665429539,14297539,True,127779,100172.68,128.0,-0.011,2
1665429543,14297540,False,95570,100172.666,95.74,-0.011,0
1665429544,14297541,True,4991,100172.68,5.0,-0.011,0
1665429581,14297542,False,386000,100172.68,386.67,-0.011,2
1665429608,14297543,True,50000,100172.68,50.09,-0.011,0
1665429622,14297544,True,49913,100172.68,50.0,-0.011,0
1665429627,14297545,True,24767317,100172.68,24810.09,-0.011,1
1665429627,14297546,True,969000,100278.532,971.7,-0.0098,2
1665429627,14297547,True,1266000,100279.146,1269.53,-0.0098,2
1665429627,14297548,True,1705000,100279.746,1709.77,-0.0098,2
1665429627,14297549,True,522000,100279.88,523.46,-0.0098,2
1665429627,14297550,True,214849,100280.263,215.45,-0.0098,2
1665429669,14297551,True,3144083,100188.19,3150.0,-0.011,2
1665429677,14297552,True,2994364,100188.2,3000.0,-0.011,2
1665429696,14297553,False,453000,100188.21,453.85,-0.011,2
1665429712,14297554,False,25830,100188.21,25.88,-0.011,0
1665429712,14297555,True,7485,100188.21,7.5,-0.011,0
1665429758,14297556,True,1023074,100188.21,1025.0,-0.011,2
1665429770,14297557,False,249780,100188.21,250.25,-0.011,2
1665429771,14297558,False,660220,100188.21,661.46,-0.011,2
1665429771,14297559,False,1484000,100188.21,1486.79,-0.011,2
1665429771,14297560,False,950000,100188.21,951.79,-0.011,2
1665429771,14297561,False,1583000,100188.21,1585.98,-0.011,2
1665429877,14297562,True,29943,100188.21,30.0,-0.011,0
1665429893,14297563,False,861999,100177.602,863.53,-0.011,2
1665429893,14297564,False,43990,100176.174,44.07,-0.011,0
1665429922,14297565,False,254569,100170.6,255.0,-0.011,2
1665429942,14297566,True,5848,100188.21,5.86,-0.011,0
1665429966,14297567,True,4990,100188.21,5.0,-0.011,0
1665429977,14297568,False,1447280,100169.0,1449.73,-0.011,2
1665430017,14297569,True,1297,100169.01,1.3,-0.011,0
1665430035,14297570,True,1750000,100169.01,1752.96,-0.011,2
1665430035,14297571,True,5239487,100169.01,5248.34,-0.011,2
1665430094,14297572,True,538000,100169.0,538.91,-0.011,2
1665430094,14297573,True,460311,100169.0,461.09,-0.011,2
1665430105,14297574,True,299493,100169.01,300.0,-0.011,2
1665430118,14297575,True,16591,100169.0,16.62,-0.011,0
1665430129,14297576,True,299493,100169.0,300.0,-0.011,2
1665430163,14297577,True,1044999,100169.0,1046.77,-0.011,2
1665430163,14297578,True,452466,100169.01,453.23,-0.011,2
1665430190,14297579,False,318460,100169.0,319.0,-0.011,2
1665430252,14297580,True,27253,100169.01,27.3,-0.011,0
1665430281,14297581,True,997,100169.01,1.0,-0.011,0
1665430333,14297582,False,3567,100169.0,3.57,-0.011,0
1665430409,14297583,True,149746,100169.01,150.0,-0.011,2
1665430421,14297584,False,499159,100169.0,500.0,-0.011,2
1665430427,14297585,True,50454,100169.01,50.54,-0.011,0
1665430479,14297586,True,998312,100169.01,1000.0,-0.011,2
1665430510,14297587,False,48749,100169.0,48.83,-0.011,0
1665430525,14297588,False,209630,100169.0,209.98,-0.011,2
1665430531,14297589,False,28428,100169.0,28.48,-0.011,0
1665430542,14297590,False,3279,100169.0,3.29,-0.011,0
1665430572,14297591,True,1996625,100169.01,2000.0,-0.011,2
1665430580,14297592,True,9983127,100169.01,10000.0,-0.011,2
1665430684,14297593,True,102825,100169.5,103.0,-0.011,2
1665430747,14297594,True,299490,100169.5,300.0,-0.011,2
1665430813,14297595,True,9983,100169.5,10.0,-0.011,0
1665430817,14297596,False,917990,100169.0,919.54,-0.011,2
1665430831,14297597,True,371672,100169.5,372.3,-0.011,2
1665430899,14297598,True,299493,100169.0,300.0,-0.011,2
1665430930,14297599,True,997,100169.5,1.0,-0.011,0
1665430931,14297600,False,54142,100169.0,54.23,-0.011,0
1665430979,14297601,False,8857590,100169.0,8872.56,-0.011,2
1665430980,14297602,True,1056214,100169.01,1058.0,-0.011,2
1665430992,14297603,True,249578,100169.01,250.0,-0.011,2
1665431038,14297604,True,299493,100169.0,300.0,-0.011,2
1665431052,14297605,True,9983,100169.01,10.0,-0.011,0
1665431064,14297606,True,493000,100169.0,493.83,-0.011,2
1665431064,14297607,True,6156,100169.01,6.17,-0.011,0
1665431099,14297608,True,266958,100169.01,267.41,-0.011,2
1665431099,14297609,True,3086502,100169.01,3091.72,-0.011,2
1665431107,14297610,False,26108,100169.0,26.15,-0.011,0
1665431170,14297611,False,102100,100169.0,102.27,-0.011,2
1665431223,14297612,True,2226,100169.01,2.23,-0.011,0
1665431229,14297613,True,59898,100169.01,60.0,-0.011,0
1665431241,14297614,False,136210,100169.0,136.44,-0.011,2
1665431249,14297615,False,9297,100169.0,9.31,-0.011,0
1665431255,14297616,True,31197,100169.01,31.25,-0.011,0
1665431278,14297617,False,100479,100169.0,100.65,-0.011,2
1665431295,14297618,True,249578,100169.01,250.0,-0.011,2
1665431469,14297619,False,250628,100169.0,251.05,-0.011,2
1665431510,14297620,True,329443,100169.01,330.0,-0.011,2
1665431622,14297621,True,16363,100221.41,16.4,-0.01,0
1665431655,14297622,True,2890,100337.594,2.9,-0.0092,0
1665431666,14297623,True,239399,100251.02,240.0,-0.01,2
1665431676,14297624,True,24937,100251.02,25.0,-0.01,0
1665431807,14297625,False,59999,100250.0,60.15,-0.01,0
1665431807,14297626,False,434999,100203.016,435.88,-0.011,2
1665431807,14297627,False,64990,100201.451,65.12,-0.011,0
1665431920,14297628,False,294252,100169.01,294.75,-0.011,2
1665431920,14297629,False,14743564,100169.0,14768.48,-0.011,2
1665431920,14297630,False,50000,100169.0,50.08,-0.011,0
1665431920,14297631,False,50000,100169.0,50.08,-0.011,0
1665431920,14297632,False,99831,100169.0,100.0,-0.011,2
1665431920,14297633,False,201000,100150.0,201.3,-0.011,2
1665431920,14297634,False,1024000,100131.803,1025.35,-0.011,2
1665431920,14297635,False,899999,100131.67,901.19,-0.011,2
1665431920,14297636,False,919000,100131.404,920.21,-0.011,2
1665431920,14297637,False,1092000,100130.121,1093.42,-0.011,2
1665431920,14297638,False,1024000,100129.831,1025.33,-0.011,2
1665431920,14297639,False,445000,100129.374,445.58,-0.011,2
1665431920,14297640,False,1407000,100129.14,1408.82,-0.011,2
1665431920,14297641,False,1501000,100127.703,1502.92,-0.011,2
1665431920,14297642,False,1454000,100127.496,1455.85,-0.011,2
1665431920,14297643,False,852999,100117.003,854.0,-0.011,2
1665431920,14297644,False,5521382,100115.71,5527.77,-0.011,2
1665431971,14297645,True,190201,100151.816,190.49,-0.011,2
1665431987,14297646,False,100000,100100.054,100.1,-0.012,2
1665432027,14297647,False,100000,100109.659,100.11,-0.011,2
1665432061,14297648,False,850569,100115.876,851.55,-0.011,2
1665432061,14297649,True,12978,100167.304,13.0,-0.011,0
1665432077,14297650,False,100000,100121.233,100.12,-0.011,2
1665432091,14297651,False,50000,100127.901,50.06,-0.011,0
1665432116,14297652,False,5000,100137.218,5.01,-0.011,0
1665432137,14297653,False,1000,100141.62,1.0,-0.011,0
1665432163,14297654,False,9000,100131.792,9.01,-0.011,0
1665432166,14297655,True,998312,100169.02,1000.0,-0.011,2
1665432264,14297656,True,998683,100131.8,1000.0,-0.011,2
1665432275,14297657,True,249670,100131.8,250.0,-0.011,2
1665432326,14297658,True,99868,100131.8,100.0,-0.011,2
1665432328,14297659,False,66667,100131.8,66.75,-0.011,0
1665432358,14297660,True,11163321,100151.59,11180.24,-0.011,2
1665432429,14297661,False,94795,100170.072,94.96,-0.011,0
1665432456,14297662,False,7950000,100170.072,7963.52,-0.011,2
1665432583,14297663,True,99822,100176.83,100.0,-0.011,2
1665432593,14297664,True,79210,100176.83,79.35,-0.011,0
1665432631,14297665,False,209630,100181.664,210.01,-0.011,2
1665432665,14297666,True,7694466,100219.04,7711.32,-0.01,2
1665432671,14297667,False,4690,100217.062,4.7,-0.01,0
1665432698,14297668,True,259445,100217.07,260.01,-0.01,2
1665432798,14297669,True,145295,100251.02,145.66,-0.01,2
1665432821,14297670,False,1886900,100218.752,1891.03,-0.01,2
1665432826,14297671,True,259829,100251.02,260.48,-0.01,2
1665432826,14297672,True,39413,100267.39,39.52,-0.0099,0
1665432899,14297673,True,1680000,100287.61,1684.83,-0.0097,2
1665432899,14297674,True,25000000,100287.61,25071.9,-0.0097,1
1665432899,14297675,True,595000,100427.191,597.54,-0.0083,2
1665432899,14297676,True,1459000,100428.146,1465.25,-0.0083,2
1665432899,14297677,True,1369000,100428.429,1374.87,-0.0083,2
1665432899,14297678,True,13508023,100428.52,13565.91,-0.0083,2
1665432899,14297679,True,1116000,100428.521,1120.78,-0.0083,2
1665432899,14297680,True,1129000,100428.785,1133.84,-0.0083,2
1665432899,14297681,True,558000,100428.887,560.39,-0.0083,2
1665432899,14297682,True,1901999,100429.229,1910.16,-0.0083,2
1665432899,14297683,True,1901999,100429.387,1910.17,-0.0083,2
1665432899,14297684,True,10160681,100429.841,10204.36,-0.0083,2
1665432935,14297685,True,29915,100277.71,30.0,-0.0098,0
1665432948,14297686,True,11647,100277.71,11.68,-0.0098,0
1665432962,14297687,True,997230,100277.71,1000.0,-0.0098,2
1665432979,14297688,True,1236276,100277.71,1239.71,-0.0098,2
1665432982,14297689,True,598338,100277.71,600.0,-0.0098,2
1665432998,14297690,True,99722,100278.37,100.0,-0.0098,2
1665433005,14297691,True,41883,100278.37,42.0,-0.0098,0
1665433109,14297692,True,99708,100292.69,100.0,-0.0097,2
1665433126,14297693,False,24057,100267.17,24.12,-0.0099,0
1665433156,14297694,False,530430,100267.17,531.85,-0.0099,2
1665433171,14297695,True,509000,100307.391,510.56,-0.0095,2
1665433171,14297696,True,89152,100308.91,89.43,-0.0095,0
1665433184,14297697,True,511000,100301.468,512.54,-0.0096,2
1665433184,14297698,True,87195,100303.24,87.46,-0.0096,0
1665433263,14297699,False,39860,100267.17,39.97,-0.0099,0
1665433267,14297700,False,402987,100267.17,404.06,-0.0099,2
1665433267,14297701,False,654940,100267.17,656.69,-0.0099,2
1665433267,14297702,False,453000,100230.75,454.05,-0.01,2
1665433267,14297703,False,29039277,100229.897,29106.04,-0.01,1
1665433385,14297704,True,99599,100401.642,100.0,-0.0086,2
1665433438,14297705,True,13976,100381.593,14.03,-0.0088,0
1665433560,14297706,True,49846,100308.77,50.0,-0.0095,0
1665433574,14297707,False,147910,100245.698,148.27,-0.01,2
1665433627,14297708,True,149551,100299.661,150.0,-0.0096,2
1665433647,14297709,True,74775,100299.661,75.0,-0.0096,0
1665433731,14297710,False,167720,100210.173,168.07,-0.01,2
1665433809,14297711,True,99734,100265.77,100.0,-0.0099,2
1665433853,14297712,True,31007,100265.77,31.09,-0.0099,0
1665433895,14297713,True,897693,100256.88,900.0,-0.01,2
1665434089,14297714,False,50000,100269.04,50.13,-0.0099,0
1665434089,14297715,True,65447,100279.17,65.63,-0.0098,0
1665434171,14297716,False,690030,100267.137,691.87,-0.0099,2
1665434174,14297717,True,4886,100279.17,4.9,-0.0098,0
1665434178,14297718,True,32114347,100279.17,32204.0,-0.0098,1
1665434178,14297719,True,1149000,100335.905,1152.86,-0.0092,2
1665434178,14297720,True,1703000,100342.128,1708.83,-0.0092,2
1665434178,14297721,True,1667000,100344.078,1672.74,-0.0092,2
1665434178,14297722,True,478000,100344.817,479.65,-0.0092,2
1665434178,14297723,True,1031999,100346.286,1035.57,-0.0091,2
1665434178,14297724,True,979000,100346.645,982.39,-0.0091,2
1665434178,14297725,True,1251000,100346.891,1255.34,-0.0091,2
1665434178,14297726,True,989000,100347.578,992.44,-0.0091,2
1665434178,14297727,True,1595999,100347.661,1601.55,-0.0091,2
1665434178,14297728,True,1021000,100347.681,1024.55,-0.0091,2
1665434178,14297729,True,1162000,100348.263,1166.05,-0.0091,2
1665434178,14297730,True,1712496,100352.29,1718.53,-0.0091,2
1665434208,14297731,False,11080,100278.162,11.11,-0.0098,0
1665434212,14297732,False,292698,100279.687,293.52,-0.0098,2
1665434221,14297733,False,233000,100282.792,233.66,-0.0098,2
1665434236,14297734,False,1120000,100265.963,1122.98,-0.0099,2
1665434236,14297735,False,86000,100265.87,86.23,-0.0099,0
1665434306,14297736,False,2856,100227.092,2.86,-0.01,0
1665434307,14297737,True,434283,100300.87,435.59,-0.0096,2
1665434312,14297738,False,1056000,100224.048,1058.37,-0.01,2
1665434312,14297739,False,685430,100222.697,686.96,-0.01,2
1665434333,14297740,True,215520,100263.84,216.09,-0.01,2
1665434345,14297741,True,199473,100263.84,200.0,-0.01,2
1665434352,14297742,True,7708,100263.84,7.73,-0.01,0
1665434409,14297743,False,33660,100224.772,33.74,-0.01,0
1665434419,14297744,True,1954,100263.84,1.96,-0.01,0
1665434441,14297745,False,29920,100229.163,29.99,-0.01,0
1665434565,14297746,True,13531,100208.65,13.56,-0.01,0
1665434606,14297747,False,313990,100156.486,314.48,-0.011,2
1665434688,14297748,False,303768,100158.359,304.25,-0.011,2
1665434726,14297749,True,998124,100187.89,1000.0,-0.011,2
1665434741,14297750,True,12799440,100187.89,12823.49,-0.011,2
1665434741,14297751,True,2170325,100284.99,2176.51,-0.0097,2
1665434761,14297752,False,1228810,100183.976,1231.07,-0.011,2
1665434772,14297753,False,659000,100188.513,660.24,-0.011,2
1665434800,14297754,True,498610,100278.663,500.0,-0.0098,2
1665434934,14297755,True,7745167,100320.61,7770.0,-0.0094,2
1665434947,14297756,False,300000,100228.717,300.69,-0.01,2
1665434960,14297757,True,2990977,100301.67,3000.0,-0.0096,2
1665434969,14297758,True,99707,100293.07,100.0,-0.0097,2
1665434990,14297759,True,13370,100293.07,13.41,-0.0097,0
1665435143,14297760,True,1245759,100293.07,1249.41,-0.0097,2
1665435166,14297761,False,1000,100258.678,1.0,-0.01,0
1665435240,14297762,True,19940,100298.07,20.0,-0.0096,0
1665435263,14297763,False,1017000,100285.345,1019.9,-0.0097,2
1665435263,14297764,False,1641000,100285.273,1645.68,-0.0097,2
1665435263,14297765,False,1208000,100284.821,1211.44,-0.0097,2
1665435263,14297766,False,984999,100284.618,987.8,-0.0097,2
1665435263,14297767,False,1714000,100283.861,1718.87,-0.0098,2
1665435263,14297768,False,1221000,100283.696,1224.46,-0.0098,2
1665435263,14297769,False,1169000,100283.619,1172.32,-0.0098,2
1665435263,14297770,False,1750000,100283.367,1754.96,-0.0098,2
1665435263,14297771,False,428990,100283.36,430.21,-0.0098,2
1665435263,14297772,False,48278,100283.36,48.41,-0.0098,0
1665435282,14297773,False,1789000,100282.224,1794.05,-0.0098,2
1665435292,14297774,True,2492570,100298.07,2500.0,-0.0096,2
1665435317,14297775,True,4666,100291.004,4.68,-0.0097,0
1665435389,14297776,True,12235,100273.141,12.27,-0.0099,0
1665435392,14297777,False,356000,100211.915,356.75,-0.01,2
1665435399,14297778,True,99709,100291.169,100.0,-0.0097,2
1665435454,14297779,True,210543,100230.86,211.03,-0.01,2
1665435509,14297780,False,7510,100230.86,7.53,-0.01,0
1665435511,14297781,False,497003,100230.86,498.15,-0.01,2
1665435524,14297782,True,1097466,100230.86,1100.0,-0.01,2
1665435552,14297783,True,349076,100264.61,350.0,-0.0099,2
1665435579,14297784,False,303100,100253.372,303.87,-0.01,2
1665435595,14297785,False,14999,100264.61,15.04,-0.0099,0
1665435602,14297786,True,29641,100264.61,29.72,-0.0099,0
1665435639,14297787,True,2400000,100316.45,2407.59,-0.0094,2
1665435639,14297788,True,25000000,100316.45,25079.11,-0.0094,1
1665435639,14297789,True,515999,100351.887,517.82,-0.0091,2
1665435639,14297790,True,1265000,100352.452,1269.46,-0.0091,2
1665435639,14297791,True,1077000,100353.737,1080.81,-0.0091,2
1665435639,14297792,True,533000,100353.781,534.89,-0.0091,2
1665435639,14297793,True,1665000,100408.057,1671.79,-0.0085,2
1665435639,14297794,True,20291022,100408.145,20373.84,-0.0085,1
1665435642,14297795,True,1991901,100406.577,2000.0,-0.0085,2
1665435711,14297796,False,1476000,100275.637,1480.07,-0.0098,2
1665435711,14297797,False,4237940,100274.405,4249.57,-0.0098,2
1665435724,14297798,False,7284,100279.928,7.3,-0.0098,0
1665435764,14297799,False,11426,100295.417,11.46,-0.0096,0
1665435813,14297800,True,996808,100320.16,1000.0,-0.0094,2
1665435838,14297801,True,49812,100373.57,50.0,-0.0089,0
1665435851,14297802,False,2830,100312.143,2.84,-0.0095,0
1665435902,14297803,True,7219,100428.66,7.25,-0.0083,0
1665435906,14297804,True,49786,100428.66,50.0,-0.0083,0
1665435999,14297805,True,30260,100325.68,30.36,-0.0093,0
1665436037,14297806,True,74507,100325.68,74.75,-0.0093,0
1665436044,14297807,True,6704164,100325.68,6726.0,-0.0093,2
1665436212,14297808,False,58350,100311.309,58.53,-0.0095,0
1665436236,14297809,True,57930,100327.04,58.12,-0.0093,0
1665436266,14297810,False,299927,100306.991,300.85,-0.0095,2
1665436291,14297811,False,214312,100315.164,214.99,-0.0094,2
1665436295,14297812,True,199348,100327.04,200.0,-0.0093,2
1665436423,14297813,True,37462,100313.51,37.58,-0.0095,0
1665436511,14297814,False,17322,100313.51,17.38,-0.0095,0
1665436573,14297815,True,184421,100313.51,185.0,-0.0095,2
1665436575,14297816,True,49843,100313.51,50.0,-0.0095,0
1665436576,14297817,False,471000,100304.464,472.43,-0.0095,2
1665436603,14297818,True,564043,100313.51,565.81,-0.0095,2
1665436603,14297819,True,270284,100327.04,271.17,-0.0093,2
1665436632,14297820,True,19934,100327.04,20.0,-0.0093,0
1665436712,14297821,False,901000,100280.469,903.53,-0.0098,2
1665436712,14297822,False,1048000,100277.562,1050.91,-0.0098,2
1665436712,14297823,False,120710,100276.973,121.04,-0.0098,2
1665436713,14297824,False,598990,100257.918,600.53,-0.01,2
1665436760,14297825,True,747555,100327.04,750.0,-0.0093,2
1665436836,14297826,False,1450,100262.337,1.45,-0.01,0
1665436985,14297827,False,2699,100262.33,2.71,-0.01,0
1665437038,14297828,True,32320,100275.47,32.41,-0.0098,0
1665437136,14297829,True,296915,100275.47,297.73,-0.0098,2
1665437216,14297830,True,498626,100275.47,500.0,-0.0098,2
1665437225,14297831,True,999057,100275.47,1001.81,-0.0098,2
1665437321,14297832,False,1440,100275.87,1.44,-0.0098,0
1665437332,14297833,True,398899,100275.87,400.0,-0.0098,2
1665437345,14297834,False,869999,100275.87,872.4,-0.0098,2
1665437351,14297835,True,109697,100275.87,110.0,-0.0098,2
1665437465,14297836,False,1793000,100275.87,1797.95,-0.0098,2
1665437545,14297837,False,472000,100275.87,473.3,-0.0098,2
1665437630,14297838,True,49862,100275.87,50.0,-0.0098,0
1665437646,14297839,False,108930,100266.802,109.22,-0.0099,2
1665437727,14297840,True,15663269,100275.87,15706.48,-0.0098,2
1665437766,14297841,True,1496,100265.42,1.5,-0.0099,0
1665437841,14297842,False,563660,100265.42,565.16,-0.0099,2
1665437900,14297843,True,24998504,100265.42,25064.86,-0.0099,1
1665437900,14297844,True,1254000,100375.538,1258.71,-0.0088,2
1665437900,14297845,True,539000,100383.826,541.07,-0.0088,2
1665437900,14297846,True,1056000,100384.811,1060.06,-0.0088,2
1665437900,14297847,True,1023000,100385.196,1026.94,-0.0088,2
1665437900,14297848,True,1023000,100386.692,1026.96,-0.0087,2
1665437900,14297849,True,1308000,100387.804,1313.07,-0.0087,2
1665437900,14297850,True,100000,100390.0,100.39,-0.0087,2
1665437900,14297851,True,1780000,100406.045,1787.23,-0.0085,2
1665437900,14297852,True,1742000,100408.424,1749.11,-0.0085,2
1665437900,14297853,True,3420730,100409.94,3434.75,-0.0085,2
1665437900,14297854,True,134799,100429.84,135.38,-0.0083,2
1665437900,14297855,True,449999,100508.0,452.29,-0.0075,2
1665437900,14297856,True,2240000,100521.621,2251.68,-0.0074,2
1665437900,14297857,True,3670000,100522.19,3689.16,-0.0074,2
1665437900,14297858,True,2289000,100522.857,2300.97,-0.0074,2
1665437900,14297859,True,3290162,100522.94,3307.37,-0.0074,2
1665437964,14297860,True,4837,100262.34,4.85,-0.01,0
1665438006,14297861,False,195421,100262.33,195.93,-0.01,2
1665438006,14297862,False,710579,100225.617,712.18,-0.01,2
1665438012,14297863,True,33960,100262.34,34.05,-0.01,0
1665438060,14297864,False,535000,100194.49,536.04,-0.011,2
1665438094,14297865,True,99804,100194.49,100.0,-0.011,2
1665438173,14297866,True,199611,100194.49,200.0,-0.011,2
1665438216,14297867,True,499028,100194.49,500.0,-0.011,2
1665438265,14297868,True,49902,100194.49,50.0,-0.011,0
1665438277,14297869,False,101883,100194.49,102.08,-0.011,2
1665438301,14297870,True,69864,100194.49,70.0,-0.011,0
1665438333,14297871,True,164138,100129.07,164.35,-0.011,2
1665438339,14297872,False,360000,100129.07,360.46,-0.011,2
1665438381,14297873,False,3406,100129.07,3.41,-0.011,0
1665438430,14297874,True,499355,100129.07,500.0,-0.011,2
1665438483,14297875,True,199742,100129.07,200.0,-0.011,2
1665438546,14297876,False,118542,100129.07,118.7,-0.011,2
1665438572,14297877,True,1498066,100129.07,1500.0,-0.011,2
1665438586,14297878,True,249593,100162.9,250.0,-0.011,2
1665438647,14297879,True,848617,100162.9,850.0,-0.011,2
1665438674,14297880,True,49918,100162.9,50.0,-0.011,0
1665438681,14297881,True,1497560,100162.9,1500.0,-0.011,2
1665438756,14297882,False,99412,100162.9,99.57,-0.011,0
1665438761,14297883,True,99832,100168.04,100.0,-0.011,2
1665438821,14297884,False,206881,100164.307,207.22,-0.011,2
1665438858,14297885,False,44118,100168.04,44.19,-0.011,0
1665438884,14297886,True,299496,100168.04,300.0,-0.011,2
1665438892,14297887,True,32944,100168.04,33.0,-0.011,0
1665438921,14297888,True,43806,100168.04,43.88,-0.011,0
1665438933,14297889,False,9115085,100168.04,9130.4,-0.011,2
1665438988,14297890,False,2029999,100168.04,2033.41,-0.011,2
1665438988,14297891,False,9314155,100168.04,9329.81,-0.011,2
1665438994,14297892,False,3350,100168.04,3.36,-0.011,0
1665439016,14297893,False,49920,100168.04,50.0,-0.011,0
1665439039,14297894,True,19966,100168.04,20.0,-0.011,0
1665439042,14297895,True,758725,100168.04,760.0,-0.011,2
1665439049,14297896,True,10000000,100181.45,10018.15,-0.011,2
1665439050,14297897,False,4990,100169.864,5.0,-0.011,0
1665439103,14297898,True,5277272,100184.32,5287.0,-0.011,2
1665439118,14297899,False,608730,100189.426,609.88,-0.011,2
1665439190,14297900,True,500985,100196.53,501.97,-0.011,2
1665439206,14297901,True,2074243,100196.53,2078.32,-0.011,2
1665439221,14297902,True,116742,100219.82,117.0,-0.01,2
1665439226,14297903,True,4989,100219.82,5.0,-0.01,0
1665439232,14297904,True,6444,100219.82,6.46,-0.01,0
1665439235,14297905,True,12183,100219.82,12.21,-0.01,0
1665439242,14297906,False,1213000,100210.98,1215.56,-0.01,2
1665439242,14297907,False,427695,100210.074,428.59,-0.01,2
1665439262,14297908,True,99780,100219.82,100.0,-0.01,2
1665439266,14297909,False,487000,100219.82,488.07,-0.01,2
1665439335,14297910,False,43500,100190.81,43.58,-0.011,0
1665439420,14297911,True,1999376,100129.2,2001.96,-0.011,2
1665439431,14297912,False,509000,100115.453,509.59,-0.011,2
1665439431,14297913,False,1342000,100115.412,1343.55,-0.011,2
1665439454,14297914,True,1168,100129.2,1.17,-0.011,0
1665439487,14297915,True,43225,100129.2,43.28,-0.011,0
1665439515,14297916,True,5123070,100129.2,5129.69,-0.011,2
1665439540,14297917,True,14980,100129.21,15.0,-0.011,0
1665439574,14297918,True,299612,100129.21,300.0,-0.011,2
1665439581,14297919,True,1930000,100129.21,1932.49,-0.011,2
1665439581,14297920,True,14134116,100129.21,14152.38,-0.011,2
1665439586,14297921,False,150000,100112.5,150.17,-0.011,2
1665439586,14297922,False,150121,100112.5,150.29,-0.011,2
1665439621,14297923,True,19976,100115.816,20.0,-0.011,0
1665439623,14297924,False,499455,100109.0,500.0,-0.011,2
1665439623,14297925,False,1000,100100.054,1.0,-0.012,0
1665439623,14297926,False,29760240,100100.0,29790.0,-0.012,1
1665439623,14297927,False,458000,100042.111,458.19,-0.012,2
1665439623,14297928,False,473000,100040.581,473.19,-0.012,2
1665439623,14297929,False,14562681,100032.0,14567.34,-0.012,2
1665439623,14297930,False,4577764,100032.0,4579.23,-0.012,2
1665439625,14297931,True,29965,100115.816,30.0,-0.011,0
1665439629,14297932,False,42923,100032.0,42.94,-0.012,0
1665439634,14297933,False,14980047,100032.0,14984.84,-0.012,2
1665439642,14297934,False,10602760,100032.0,10606.15,-0.012,2
1665439649,14297935,True,100000,100028.865,100.03,-0.012,2
1665439654,14297936,False,489312,100020.0,489.41,-0.012,2
1665439654,14297937,False,1499849,100010.06,1500.0,-0.012,2
1665439654,14297938,False,10638,100010.06,10.64,-0.012,0
1665439661,14297939,True,2299540,100020.0,2300.0,-0.012,2
1665439677,14297940,False,489312,100010.06,489.36,-0.012,2
1665439677,14297941,False,220000,100010.05,220.02,-0.012,2
1665439677,14297942,False,99990,100010.0,100.0,-0.012,2
1665439677,14297943,False,59999,100006.0,60.0,-0.012,0
1665439677,14297944,False,348432,100005.0,348.45,-0.013,2
1665439677,14297945,False,391185,100001.0,391.19,-0.013,2
1665439677,14297946,False,96099,100000.48,96.1,-0.013,0
1665439677,14297947,False,11289008,100000.1,11289.02,-0.013,2
1665439678,14297948,False,1705019,100000.1,1705.02,-0.013,2
1665439678,14297949,False,100000,100000.01,100.0,-0.013,2
1665439678,14297950,False,4137,100000.0,4.14,-0.013,0
1665439678,14297951,False,100000,100000.0,100.0,-0.013,2
1665439678,14297952,False,400000,100000.0,400.0,-0.013,2
1665439678,14297953,False,100000,100000.0,100.0,-0.013,2
1665439678,14297954,False,18000,100000.0,18.0,-0.013,0
1665439678,14297955,False,277816,100000.0,277.82,-0.013,2
1665439687,14297956,True,119992,100006.628,120.0,-0.012,2
1665439695,14297957,False,22184,100000.0,22.18,-0.013,0
1665439695,14297958,False,50000,100000.0,50.0,-0.013,0
1665439695,14297959,False,11970,100000.0,11.97,-0.013,0
1665439695,14297960,False,59999,100000.0,60.0,-0.013,0
1665439695,14297961,False,865580,100000.0,865.58,-0.013,2
1665439695,14297962,False,2000,100000.0,2.0,-0.013,0
1665439695,14297963,False,50000,100000.0,50.0,-0.013,0
1665439695,14297964,False,2278437,100000.0,2278.44,-0.013,2
1665439695,14297965,False,3000000,100000.0,3000.0,-0.013,2
1665439695,14297966,False,1000000,100000.0,1000.0,-0.013,2
1665439695,14297967,False,100000,100000.0,100.0,-0.013,2
1665439695,14297968,False,100000,100000.0,100.0,-0.013,2
1665439695,14297969,False,100000,100000.0,100.0,-0.013,2
1665439695,14297970,False,952800,100000.0,952.8,-0.013,2
1665439695,14297971,False,5959517,100000.0,5959.52,-0.013,2
1665439696,14297972,False,7778433,100000.0,7778.43,-0.013,2
1665439696,14297973,False,100000,100000.0,100.0,-0.013,2
1665439696,14297974,False,100640,100000.0,100.64,-0.013,2
1665439696,14297975,False,110000,100000.0,110.0,-0.013,2
1665439696,14297976,False,1000000,100000.0,1000.0,-0.013,2
1665439696,14297977,False,175000,100000.0,175.0,-0.013,2
1665439696,14297978,False,465900,100000.0,465.9,-0.013,2
1665439696,14297979,False,5270027,100000.0,5270.03,-0.013,2
1665439706,14297980,True,998,100000.01,1.0,-0.013,0
1665439707,14297981,False,683943,100000.0,683.94,-0.013,2
1665439707,14297982,False,2000000,100000.0,2000.0,-0.013,2
1665439707,14297983,False,2149530,100000.0,2149.53,-0.013,2
1665439707,14297984,False,209370,100000.0,209.37,-0.013,2
1665439707,14297985,False,200000,100000.0,200.0,-0.013,2
1665439707,14297986,False,1269670,100000.0,1269.67,-0.013,2
1665439711,14297987,False,2500000,100000.0,2500.0,-0.013,2
1665439717,14297988,True,456000,100000.0,456.0,-0.013,2
1665439717,14297989,True,142449,100000.0,142.45,-0.013,2
1665439718,14297990,False,2230330,100000.0,2230.33,-0.013,2
1665439718,14297991,False,201410,100000.0,201.41,-0.013,2
1665439718,14297992,False,119999,100000.0,120.0,-0.013,2
1665439718,14297993,False,349699,100000.0,349.7,-0.013,2
1665439718,14297994,False,167500,100000.0,167.5,-0.013,2
1665439718,14297995,False,250000,100000.0,250.0,-0.013,2
1665439718,14297996,False,242949,100000.0,242.95,-0.013,2
1665439718,14297997,False,169000,100000.0,169.0,-0.013,2
1665439718,14297998,False,11268112,100000.0,11268.11,-0.013,2
1665439733,14297999,False,15000000,100000.0,15000.0,-0.013,2
1665439737,14298000,False,16580,100000.0,16.58,-0.013,0
1665439750,14298001,False,15000000,100000.0,15000.0,-0.013,2
1665439757,14298002,True,9999,100007.396,10.0,-0.012,0
1665439765,14298003,False,1097028,100000.0,1097.03,-0.013,2
1665439765,14298004,False,242410,100000.0,242.41,-0.013,2
1665439765,14298005,False,2806070,100000.0,2806.07,-0.013,2
1665439765,14298006,False,500000,100000.0,500.0,-0.013,2
1665439765,14298007,False,974870,100000.0,974.87,-0.013,2
1665439765,14298008,False,27040,100000.0,27.04,-0.013,0
1665439765,14298009,False,500000,100000.0,500.0,-0.013,2
1665439765,14298010,False,500000,100000.0,500.0,-0.013,2
1665439765,14298011,False,352500,100000.0,352.5,-0.013,2
1665439765,14298012,False,1000000,100000.0,1000.0,-0.013,2
1665439765,14298013,False,2500000,100000.0,2500.0,-0.013,2
1665439765,14298014,False,4500081,100000.0,4500.08,-0.013,2
1665439778,14298015,False,15000000,100000.0,15000.0,-0.013,2
1665439797,14298016,False,15000000,100000.0,15000.0,-0.013,2
1665439810,14298017,True,10999,100000.359,11.0,-0.013,0
1665439820,14298018,False,14989000,100000.0,14989.0,-0.013,2
1665439832,14298019,False,2240000,100000.0,2240.0,-0.013,2
1665439832,14298020,False,6178587,100000.0,6178.59,-0.013,2
1665439832,14298021,False,200000,100000.0,200.0,-0.013,2
1665439832,14298022,False,7530,100000.0,7.53,-0.013,0
1665439832,14298023,False,6373883,100000.0,6373.88,-0.013,2
1665439864,14298024,False,6855875,100000.0,6855.88,-0.013,2
1665439880,14298025,False,2615002,100000.0,2615.0,-0.013,2
1665439880,14298026,False,25200000,100000.0,25200.0,-0.013,1
1665439880,14298027,False,1000,100000.0,1.0,-0.013,0
1665439880,14298028,False,50000,100000.0,50.0,-0.013,0
1665439880,14298029,False,29999,100000.0,30.0,-0.013,0
1665439880,14298030,False,100000,100000.0,100.0,-0.013,2
1665439880,14298031,False,1090470,100000.0,1090.47,-0.013,2
1665439880,14298032,False,913559,100000.0,913.56,-0.013,2
1665439888,14298033,False,204472,100000.0,204.47,-0.013,2
1665439891,14298034,False,881968,100000.0,881.97,-0.013,2
1665439891,14298035,False,980100,100000.0,980.1,-0.013,2
1665439891,14298036,False,5000000,100000.0,5000.0,-0.013,2
1665439891,14298037,False,100000,100000.0,100.0,-0.013,2
1665439891,14298038,False,2016269,100000.0,2016.27,-0.013,2
1665439891,14298039,False,6021662,100000.0,6021.66,-0.013,2
1665439898,14298040,True,9999,100005.726,10.0,-0.012,0
1665439903,14298041,False,2978338,100000.0,2978.34,-0.013,2
1665439903,14298042,False,40000,100000.0,40.0,-0.013,0
1665439903,14298043,False,2880000,100000.0,2880.0,-0.013,2
1665439903,14298044,False,692830,100000.0,692.83,-0.013,2
1665439903,14298045,False,25000,100000.0,25.0,-0.013,0
1665439903,14298046,False,296250,100000.0,296.25,-0.013,2
1665439903,14298047,False,2475000,100000.0,2475.0,-0.013,2
1665439903,14298048,False,1000000,100000.0,1000.0,-0.013,2
1665439903,14298049,False,996599,100000.0,996.6,-0.013,2
1665439903,14298050,False,200000,100000.0,200.0,-0.013,2
1665439903,14298051,False,4040,100000.0,4.04,-0.013,0
1665439903,14298052,False,1000000,100000.0,1000.0,-0.013,2
1665439903,14298053,False,2411941,100000.0,2411.94,-0.013,2
1665439910,14298054,False,10050,100000.0,10.05,-0.013,0
1665439911,14298055,False,152469,100000.0,152.47,-0.013,2
1665439927,14298056,False,16990001,100000.0,16990.0,-0.013,2
1665439935,14298057,False,47533,100000.0,47.53,-0.013,0
1665439937,14298058,False,319260,100000.0,319.26,-0.013,2
1665439940,14298059,False,11907765,100000.0,11907.76,-0.013,2
1665439940,14298060,False,106000,100000.0,106.0,-0.013,2
1665439940,14298061,False,100000,100000.0,100.0,-0.013,2
1665439940,14298062,False,1000000,100000.0,1000.0,-0.013,2
1665439940,14298063,False,1959,100000.0,1.96,-0.013,0
1665439940,14298064,False,175000,100000.0,175.0,-0.013,2
1665439940,14298065,False,56820,100000.0,56.82,-0.013,0
1665439940,14298066,False,1652455,100000.0,1652.45,-0.013,2
1665439944,14298067,True,1099970,100002.653,1100.0,-0.013,2
1665439952,14298068,True,554985,100002.643,555.0,-0.013,2
1665439954,14298069,False,135055,100000.0,135.06,-0.013,2
1665439954,14298070,False,86920,100000.0,86.92,-0.013,0
1665439954,14298071,False,150000,100000.0,150.0,-0.013,2
1665439954,14298072,False,100000,100000.0,100.0,-0.013,2
1665439954,14298073,False,100000,100000.0,100.0,-0.013,2
1665439954,14298074,False,414379,100000.0,414.38,-0.013,2
1665439954,14298075,False,1000000,100000.0,1000.0,-0.013,2
1665439954,14298076,False,10000000,100000.0,10000.0,-0.013,2
1665439954,14298077,False,250000,100000.0,250.0,-0.013,2
1665439954,14298078,False,49240,100000.0,49.24,-0.013,0
1665439954,14298079,False,2714405,100000.0,2714.4,-0.013,2
1665439955,14298080,False,47533,100000.0,47.53,-0.013,0
1665439967,14298081,False,7738062,100000.0,7738.06,-0.013,2
1665439967,14298082,False,100000,100000.0,100.0,-0.013,2
1665439967,14298083,False,500000,100000.0,500.0,-0.013,2
1665439967,14298084,False,100000,100000.0,100.0,-0.013,2
1665439967,14298085,False,46000,100000.0,46.0,-0.013,0
1665439967,14298086,False,59990,100000.0,59.99,-0.013,0
1665439967,14298087,False,101490,100000.0,101.49,-0.013,2
1665439967,14298088,False,10000,100000.0,10.0,-0.013,0
1665439967,14298089,False,79600,100000.0,79.6,-0.013,0
1665439967,14298090,False,6264858,100000.0,6264.86,-0.013,2
1665439982,14298091,False,4082052,100000.0,4082.05,-0.013,2
1665439982,14298092,False,3000000,100000.0,3000.0,-0.013,2
1665439982,14298093,False,100000,100000.0,100.0,-0.013,2
1665439982,14298094,False,237810,100000.0,237.81,-0.013,2
1665439982,14298095,False,7580138,100000.0,7580.14,-0.013,2
1665439992,14298096,False,7569861,100000.0,7569.86,-0.013,2
1665439992,14298097,False,1000000,100000.0,1000.0,-0.013,2
1665439992,14298098,False,1000000,100000.0,1000.0,-0.013,2
1665439992,14298099,False,1000,100000.0,1.0,-0.013,0
1665440000,14298100,True,299979,100006.786,300.0,-0.012,2
1665440003,14298101,False,487450,99999.99,487.45,-0.013,2
1665440003,14298102,False,2500000,99999.99,2500.0,-0.013,2
1665440012,14298103,False,1000000,99990.0,999.9,-0.013,2
1665440025,14298104,False,2219999,99990.0,2219.78,-0.013,2
1665440034,14298105,False,1400000,99990.0,1399.86,-0.013,2
1665440034,14298106,False,88328,99990.0,88.32,-0.013,0
1665440034,14298107,False,1000000,99980.0,999.8,-0.013,2
1665440034,14298108,False,100000,99969.33,99.97,-0.013,0
1665440034,14298109,False,100000,99963.39,99.96,-0.013,0
1665440034,14298110,False,1000000,99960.0,999.6,-0.013,2
1665440034,14298111,False,200000,99955.97,199.91,-0.013,2
1665440034,14298112,False,8600,99955.02,8.6,-0.013,0
1665440034,14298113,False,3743677,99941.841,3741.5,-0.013,2
1665440047,14298114,False,506642,99920.58,506.24,-0.013,2
1665440047,14298115,False,499423,99915.0,499.0,-0.013,2
1665440047,14298116,False,393935,99910.0,393.58,-0.013,2
1665440082,14298117,True,25022,99910.0,25.0,-0.013,0
1665440082,14298118,False,292200,99910.0,291.94,-0.013,2
1665440087,14298119,True,30027,99910.0,30.0,-0.013,0
1665440094,14298120,True,101191,99910.0,101.1,-0.013,2
1665440105,14298121,True,11009,99910.0,11.0,-0.013,0
1665440115,14298122,False,81041,99910.0,80.97,-0.013,0
1665440130,14298123,False,3505177,99910.0,3502.02,-0.013,2
1665440130,14298124,False,3000000,99910.0,2997.3,-0.013,2
1665440130,14298125,False,17986,99910.0,17.97,-0.013,0
1665440154,14298126,True,100090,99909.99,100.0,-0.013,2
1665440182,14298127,False,95000,99900.0,94.91,-0.014,0
1665440198,14298128,False,151990,99900.0,151.84,-0.014,2
1665440200,14298129,False,9753010,99900.0,9743.26,-0.014,2
1665440200,14298130,False,150867,99895.15,150.71,-0.014,2
1665440212,14298131,False,2009910,99895.15,2007.8,-0.014,2
1665440218,14298132,False,3266423,99895.15,3263.0,-0.014,2
1665440218,14298133,False,1,99893.69,0.0,-0.014,0
1665440227,14298134,False,100000,99900.0,99.9,-0.014,0
1665440227,14298135,False,1564273,99893.69,1562.61,-0.014,2
1665440239,14298136,False,100000,99893.69,99.89,-0.014,0
1665440239,14298137,False,688343,99892.02,687.6,-0.014,2
1665440253,14298138,False,71530,99892.02,71.45,-0.014,0
1665440256,14298139,True,500500,99899.912,500.0,-0.014,2
1665440258,14298140,True,45048,99892.02,45.0,-0.014,0
1665440261,14298141,False,28469,99892.02,28.44,-0.014,0
1665440263,14298142,False,130000,99890.36,129.86,-0.014,2
1665440263,14298143,False,50000,99881.1,49.94,-0.014,0
1665440263,14298144,False,30445,99850.0,30.4,-0.014,0
1665440276,14298145,False,29999,99833.69,29.95,-0.014,0
1665440276,14298146,False,9759555,99825.0,9742.48,-0.014,2
1665440278,14298147,False,240444,99825.0,240.02,-0.014,2
1665440387,14298148,True,9032000,99833.7,9016.98,-0.014,2
1665440388,14298149,False,2000,99810.286,2.0,-0.014,0
1665440396,14298150,True,159111,99810.3,158.81,-0.014,2
1665440397,14298151,False,500000,99810.3,499.05,-0.014,2
1665440397,14298152,False,1125000,99810.3,1122.87,-0.014,2
1665440397,14298153,False,1667000,99810.3,1663.84,-0.014,2
1665440397,14298154,False,990000,99810.3,988.12,-0.014,2
1665440397,14298155,False,486568,99810.3,485.64,-0.014,2
1665440443,14298156,True,2730169,99810.3,2724.99,-0.014,2
1665440449,14298157,True,926677,99810.31,924.92,-0.014,2
1665440481,14298158,True,92234,99810.31,92.06,-0.014,0
1665440485,14298159,False,2000,99810.31,2.0,-0.014,0
1665440505,14298160,True,10019,99810.31,10.0,-0.014,0
1665440516,14298161,False,123720,99810.31,123.49,-0.014,2
1665440576,14298162,True,1001900,99810.31,1000.0,-0.014,2
1665440582,14298163,False,2000,99810.31,2.0,-0.014,0
1665440590,14298164,True,25000000,99810.32,24952.58,-0.014,1
1665440615,14298165,True,16024,99850.01,16.0,-0.014,0
1665440662,14298166,True,5808,99850.01,5.8,-0.014,0
1665440696,14298167,False,32310,99850.01,32.26,-0.014,0
1665440711,14298168,True,259809,99850.01,259.42,-0.014,2
1665440714,14298169,False,1891220,99850.01,1888.38,-0.014,2
1665440721,14298170,True,5008000,99850.01,5000.49,-0.014,2
1665440729,14298171,False,6120,99853.08,6.11,-0.014,0
1665440730,14298172,False,1250,99853.08,1.25,-0.014,0
1665440735,14298173,False,1124760,99856.189,1123.14,-0.014,2
1665440752,14298174,True,4375,99866.34,4.37,-0.014,0
1665440782,14298175,True,326416,99866.34,325.98,-0.014,2
1665440785,14298176,True,4065,99866.34,4.06,-0.014,0
1665440821,14298177,True,48278,99866.33,48.21,-0.014,0
1665440821,14298178,True,953060,99866.34,951.79,-0.014,2
1665440832,14298179,False,2000,99866.34,2.0,-0.014,0
1665440889,14298180,True,300401,99866.34,300.0,-0.014,2
1665440926,14298181,True,194840,99866.34,194.58,-0.014,2
1665440943,14298182,True,500669,99866.34,500.0,-0.014,2
1665440950,14298183,True,600803,99866.34,600.0,-0.014,2
1665440969,14298184,True,20028000,99860.8,20000.12,-0.014,1
1665440980,14298185,True,1005637,99910.72,1004.74,-0.013,2
1665441036,14298186,True,500445,99910.72,500.0,-0.013,2
1665441077,14298187,True,50040,99919.83,50.0,-0.013,0
1665441094,14298188,True,1050842,99919.83,1050.0,-0.013,2
1665441169,14298189,True,16833,99919.83,16.82,-0.013,0
1665441171,14298190,True,5004000,99974.57,5002.73,-0.013,2
1665441172,14298191,True,50011,99974.57,50.0,-0.013,0
1665441202,14298192,True,12992,99983.75,12.99,-0.013,0
1665441244,14298193,False,865999,99954.162,865.6,-0.013,2
1665441244,14298194,False,1460000,99953.473,1459.32,-0.013,2
1665441244,14298195,False,9690782,99953.34,9686.26,-0.013,2
1665441291,14298196,True,60017,99969.2,60.0,-0.013,0
1665441308,14298197,True,15944,99969.2,15.94,-0.013,0
1665441317,14298198,False,417552,99956.163,417.37,-0.013,2
1665441325,14298199,True,59018,99969.2,59.0,-0.013,0
1665441339,14298200,True,100030,99969.2,100.0,-0.013,2
1665441369,14298201,True,33140,99969.2,33.13,-0.013,0
1665441370,14298202,True,100030,99969.2,100.0,-0.013,2
1665441393,14298203,True,82576,99968.0,82.55,-0.013,0
1665441401,14298204,True,500153,99969.2,500.0,-0.013,2
1665441407,14298205,True,150046,99969.2,150.0,-0.013,2
1665441409,14298206,True,102031,99969.2,102.0,-0.013,2
1665441426,14298207,False,1600,99968.0,1.6,-0.013,0
1665441440,14298208,False,198464,99968.0,198.4,-0.013,2
1665441440,14298209,False,4095628,99891.39,4091.18,-0.014,2
1665441440,14298210,False,1463428,99853.292,1461.28,-0.014,2
1665441465,14298211,True,10014,99854.6,10.0,-0.014,0
1665441475,14298212,False,427000,99854.6,426.38,-0.014,2
1665441475,14298213,False,1002,99850.01,1.0,-0.014,0
1665441475,14298214,False,875998,99850.0,874.68,-0.014,2
1665441504,14298215,False,986,99854.6,0.98,-0.014,0
1665441520,14298216,True,16804,99854.6,16.78,-0.014,0
1665441524,14298217,True,100145,99854.6,100.0,-0.014,2
1665441600,14298218,False,145000,99850.0,144.78,-0.014,2
1665441627,14298219,True,1932,99854.6,1.93,-0.014,0
1665441628,14298220,True,501128,99854.6,500.4,-0.014,2
1665441629,14298221,False,8930,99850.0,8.92,-0.014,0
1665441633,14298222,True,150218,99854.6,150.0,-0.014,2
1665441641,14298223,False,40960,99850.0,40.9,-0.014,0
1665441655,14298224,False,1439,99850.0,1.44,-0.014,0
1665441671,14298225,False,1462404,99850.0,1460.21,-0.014,2
1665441707,14298226,True,2203,99854.6,2.2,-0.014,0
1665441773,14298227,True,600901,99850.01,600.0,-0.014,2
1665441799,14298228,False,677440,99850.0,676.42,-0.014,2
1665441874,14298229,True,50075,99850.01,50.0,-0.014,0
1665441904,14298230,False,100592,99850.0,100.44,-0.014,2
1665441937,14298231,False,108030,99850.0,107.87,-0.014,2
1665441986,14298232,True,100000,99850.0,99.85,-0.014,0
1665442057,14298233,True,70065,99850.01,69.96,-0.014,0
1665442070,14298234,True,200300,99850.01,200.0,-0.014,2
1665442091,14298235,True,32228,99850.01,32.18,-0.014,0
1665442157,14298236,True,1562,99850.01,1.56,-0.014,0
1665442159,14298237,True,11016,99850.01,11.0,-0.014,0
1665442166,14298238,True,100270,99850.01,100.12,-0.014,2
1665442168,14298239,False,6010,99850.01,6.0,-0.014,0
1665442225,14298240,True,50075,99850.01,50.0,-0.014,0
1665442257,14298241,False,1008000,99850.01,1006.49,-0.014,2
1665442257,14298242,False,830000,99850.01,828.76,-0.014,2
1665442257,14298243,False,1369000,99850.01,1366.95,-0.014,2
1665442257,14298244,False,1839000,99850.01,1836.24,-0.014,2
1665442257,14298245,False,1858000,99850.01,1855.21,-0.014,2
1665442257,14298246,False,43061969,99850.01,42997.38,-0.014,1
1665442294,14298247,True,50075,99850.01,50.0,-0.014,0
1665442318,14298248,True,1432,99850.01,1.43,-0.014,0
1665442370,14298249,True,8012,99850.01,8.0,-0.014,0
1665442371,14298250,True,60090,99850.01,60.0,-0.014,0
1665442423,14298251,True,2002672,99866.53,2000.0,-0.014,2
1665442443,14298252,True,100000,99896.995,99.9,-0.014,0
1665442452,14298253,True,96452,99894.246,96.35,-0.014,0
1665442458,14298254,False,7420,99866.53,7.41,-0.014,0
1665442464,14298255,True,20021,99894.246,20.0,-0.014,0
1665442509,14298256,False,137370,99870.185,137.19,-0.014,2
1665442514,14298257,True,25025,99896.349,25.0,-0.014,0
1665442540,14298258,True,20021,99893.466,20.0,-0.014,0
1665442550,14298259,False,145240,99854.019,145.03,-0.014,2
1665442560,14298260,True,25025,99893.466,25.0,-0.014,0
1665442561,14298261,True,800853,99893.466,800.0,-0.014,2
1665442563,14298262,False,76730,99850.01,76.61,-0.014,0
1665442581,14298263,True,140159,99886.085,140.0,-0.014,2
1665442583,14298264,True,47116,99886.085,47.06,-0.014,0
1665442584,14298265,True,10011,99886.085,10.0,-0.014,0
1665442600,14298266,False,23420,99850.01,23.38,-0.014,0
1665442600,14298267,False,458046,99850.0,457.36,-0.014,2
1665442622,14298268,False,1000,99850.0,1.0,-0.014,0
1665442637,14298269,False,398800,99850.0,398.2,-0.014,2
1665442653,14298270,True,300306,99898.07,300.0,-0.014,2
1665442670,14298271,False,1070,99850.0,1.07,-0.014,0
1665442675,14298272,False,20370,99850.0,20.34,-0.014,0
1665442684,14298273,True,2632,99891.184,2.63,-0.014,0
1665442686,14298274,True,22375,99891.184,22.35,-0.014,0
1665442716,14298275,True,3965,99850.01,3.96,-0.014,0
1665442722,14298276,False,295990,99850.01,295.55,-0.014,2
1665442734,14298277,False,384000,99850.01,383.42,-0.014,2
1665442734,14298278,False,134597,99850.01,134.4,-0.014,2
1665442745,14298279,True,90135,99850.01,90.0,-0.014,0
1665442755,14298280,True,100000,99850.01,99.85,-0.014,0
1665442764,14298281,True,1942,99850.01,1.94,-0.014,0
1665442823,14298282,True,30045,99850.01,30.0,-0.014,0
1665442852,14298283,False,9620,99850.0,9.61,-0.014,0
1665442861,14298284,True,10015021,99850.01,10000.0,-0.014,2
1665442872,14298285,True,9554,99850.01,9.54,-0.014,0
1665442908,14298286,True,100540,99850.01,100.39,-0.014,2
1665442926,14298287,True,40440,99850.01,40.38,-0.014,0
1665442931,14298288,True,10015,99850.01,10.0,-0.014,0
1665442931,14298289,True,100150,99850.01,100.0,-0.014,2
1665442936,14298290,True,100150,99850.01,100.0,-0.014,2
1665442945,14298291,True,7621,99850.01,7.61,-0.014,0
1665442949,14298292,True,11010,99906.41,11.0,-0.013,0
1665442964,14298293,True,23662,99906.41,23.64,-0.013,0
1665442998,14298294,True,2232079,99906.41,2229.99,-0.013,2
1665443041,14298295,True,6973,99953.65,6.97,-0.013,0
1665443080,14298296,True,4672,99953.65,4.67,-0.013,0
1665443113,14298297,True,32571,100000.0,32.57,-0.013,0
1665443113,14298298,True,467401,100005.9,467.43,-0.012,2
1665443129,14298299,True,14499,100005.9,14.5,-0.012,0
1665443206,14298300,True,34997,100005.9,35.0,-0.012,0
1665443284,14298301,True,299982,100005.9,300.0,-0.012,2
1665443306,14298302,True,9999,100004.169,10.0,-0.013,0
1665443437,14298303,False,354000,99955.47,353.84,-0.013,2
1665443437,14298304,False,981961,99955.47,981.52,-0.013,2
1665443440,14298305,True,9804,99955.47,9.8,-0.013,0
1665443450,14298306,True,652490,99955.47,652.2,-0.013,2
1665443460,14298307,False,618000,99955.47,617.72,-0.013,2
1665443484,14298308,True,41958,99955.47,41.94,-0.013,0
1665443510,14298309,True,100000,99955.47,99.96,-0.013,0
1665443515,14298310,True,4001781,99955.47,4000.0,-0.013,2
1665443534,14298311,True,23609,99957.87,23.6,-0.013,0
1665443553,14298312,True,12000,99957.87,11.99,-0.013,0
1665443555,14298313,True,41087,99957.87,41.07,-0.013,0
1665443617,14298314,True,8002,99966.62,8.0,-0.013,0
1665443642,14298315,True,38502,99966.62,38.49,-0.013,0
1665443682,14298316,False,359000,99966.62,358.88,-0.013,2
1665443682,14298317,False,1641670,99966.62,1641.12,-0.013,2
1665443694,14298318,True,6622,99966.62,6.62,-0.013,0
1665443695,14298319,False,109073,99966.62,109.04,-0.013,2
1665443701,14298320,True,100033,99966.62,100.0,-0.013,2
1665443702,14298321,True,29088,99966.62,29.08,-0.013,0
1665443730,14298322,True,500166,99966.62,500.0,-0.013,2
1665443756,14298323,True,1000333,99966.62,1000.0,-0.013,2
1665443796,14298324,True,18078,100005.9,18.08,-0.012,0
1665443799,14298325,True,501930,100005.9,501.96,-0.012,2
1665443846,14298326,False,364000,99995.749,363.98,-0.013,2
1665443846,14298327,False,115970,99994.032,115.96,-0.013,2
1665443862,14298328,False,1082000,99997.487,1081.97,-0.013,2
1665443871,14298329,True,1969,100005.9,1.97,-0.012,0
1665443887,14298330,True,49997,100005.9,50.0,-0.012,0
1665443915,14298331,True,299982,100005.9,300.0,-0.012,2
1665443972,14298332,True,9697403,100005.9,9697.98,-0.012,2
1665443983,14298333,True,1419183,100005.9,1419.27,-0.012,2
1665444006,14298334,True,3206178,100005.9,3206.37,-0.012,2
1665444020,14298335,True,261669,100005.9,261.68,-0.012,2
1665444020,14298336,True,2312,100014.121,2.31,-0.012,0
1665444057,14298337,True,499692,100061.6,500.0,-0.012,2
1665444097,14298338,True,352819,100051.187,353.0,-0.012,2
1665444116,14298339,True,1177181,100051.187,1177.78,-0.012,2
1665444120,14298340,False,86070,100058.29,86.12,-0.012,0
1665444123,14298341,True,24983,100061.6,25.0,-0.012,0
1665444142,14298342,True,593824,100058.3,594.17,-0.012,2
1665444160,14298343,True,998,100061.6,1.0,-0.012,0
1665444167,14298344,True,151316,100061.6,151.41,-0.012,2
1665444181,14298345,True,1997,100061.6,2.0,-0.012,0
1665444203,14298346,False,76811,100058.29,76.86,-0.012,0
1665444244,14298347,False,451364,100058.32,451.63,-0.012,2
1665444269,14298348,False,147137,100058.29,147.22,-0.012,2
1665444308,14298349,True,12147,100103.874,12.16,-0.012,0
1665444360,14298350,False,1902,100058.29,1.9,-0.012,0
1665444368,14298351,True,29982,100058.29,30.0,-0.012,0
1665444392,14298352,True,99941,100058.3,100.0,-0.012,2
1665444439,14298353,False,360010,100058.29,360.22,-0.012,2
1665444534,14298354,True,4997,100058.29,5.0,-0.012,0
1665444544,14298355,False,227700,100058.29,227.83,-0.012,2
1665444544,14298356,False,45000,100058.29,45.03,-0.012,0
1665444544,14298357,False,227010,99995.639,227.0,-0.013,2
1665444578,14298358,False,577285,99995.649,577.26,-0.013,2
1665444605,14298359,True,49996,100007.95,50.0,-0.012,0
1665444636,14298360,False,617990,99998.21,617.98,-0.013,2
1665444648,14298361,True,1499880,100007.95,1500.0,-0.012,2
1665444654,14298362,False,30540,99977.535,30.53,-0.013,0
1665444665,14298363,True,1000142,99985.78,1000.0,-0.013,2
1665444676,14298364,True,2002244,99985.78,2001.96,-0.013,2
1665444677,14298365,True,394256,99985.78,394.2,-0.013,2
1665444706,14298366,True,1000142,99985.79,1000.0,-0.013,2
1665444776,14298367,False,993999,99985.56,993.86,-0.013,2
1665444821,14298368,True,100014,99985.56,100.0,-0.013,2
1665444833,14298369,False,362000,99985.56,361.95,-0.013,2
1665444833,14298370,False,916000,99985.56,915.87,-0.013,2
1665444833,14298371,False,14656649,99985.56,14654.53,-0.013,2
1665444843,14298372,True,2000,99985.56,2.0,-0.013,0
1665444849,14298373,True,73890,99985.56,73.88,-0.013,0
1665444856,14298374,True,50007,99985.56,50.0,-0.013,0
1665444857,14298375,False,430252,99985.55,430.19,-0.013,2
1665444886,14298376,True,50007,99985.56,50.0,-0.013,0
1665444910,14298377,False,104379,99956.663,104.33,-0.013,2
1665444934,14298378,False,1889,99960.742,1.89,-0.013,0
1665444973,14298379,True,104695,99985.56,104.68,-0.013,2
1665444979,14298380,False,23331,99956.673,23.32,-0.013,0
1665445019,14298381,True,60012,99978.638,60.0,-0.013,0
1665445038,14298382,False,10255,99955.48,10.25,-0.013,0
1665445070,14298383,True,100014,99985.56,100.0,-0.013,2
1665445093,14298384,False,48801,99960.044,48.78,-0.013,0
1665445134,14298385,True,3020,99985.56,3.02,-0.013,0
1665445134,14298386,True,158812,99985.56,158.79,-0.013,2
1665445143,14298387,False,660000,99961.396,659.75,-0.013,2
1665445192,14298388,True,5064061,99985.56,5063.33,-0.013,2
1665445199,14298389,True,25000000,99955.49,24988.87,-0.013,1
1665445201,14298390,True,5000000,99970.01,4998.5,-0.013,2
1665445205,14298391,False,272550,99970.0,272.47,-0.013,2
1665445272,14298392,True,7448299,99970.01,7446.07,-0.013,2
1665445278,14298393,True,99859,99970.01,99.83,-0.013,0
1665445288,14298394,True,100000,99970.01,99.97,-0.013,0
1665445300,14298395,True,824817,99970.01,824.57,-0.013,2
1665445302,14298396,True,77343,99970.01,77.32,-0.013,0
1665445303,14298397,True,10850,99970.01,10.85,-0.013,0
1665445452,14298398,False,15446,99970.01,15.44,-0.013,0
1665445455,14298399,False,506442,99970.01,506.29,-0.013,2
1665445490,14298400,True,1000,99970.01,1.0,-0.013,0
1665445491,14298401,False,32009,99970.01,32.0,-0.013,0
1665445494,14298402,True,890297,99970.01,890.03,-0.013,2
1665445498,14298403,True,49104,99970.01,49.09,-0.013,0
1665445521,14298404,True,1000,99970.02,1.0,-0.013,0
1665445606,14298405,True,200390,99970.0,200.33,-0.013,2
1665445617,14298406,True,47624,99970.0,47.61,-0.013,0
1665445623,14298407,False,2800,99970.0,2.8,-0.013,0
1665445695,14298408,True,1694,99970.0,1.69,-0.013,0
1665445720,14298409,False,3003,99970.0,3.0,-0.013,0
1665445732,14298410,True,3210,99970.019,3.21,-0.013,0
1665445827,14298411,True,53265,99970.02,53.25,-0.013,0
1665445834,14298412,True,300090,99970.0,300.0,-0.013,2
1665445859,14298413,True,10003,99970.0,10.0,-0.013,0
1665445888,14298414,False,1040,99970.0,1.04,-0.013,0
1665445913,14298415,True,1000,99970.02,1.0,-0.013,0
1665445946,14298416,True,240552,99970.02,240.48,-0.013,2
1665445952,14298417,True,1000,99970.02,1.0,-0.013,0
1665446018,14298418,True,1000,99970.02,1.0,-0.013,0
1665446028,14298419,True,258427,99970.02,258.35,-0.013,2
1665446039,14298420,False,605000,99970.0,604.82,-0.013,2
1665446099,14298421,True,21006,99970.02,21.0,-0.013,0
1665446122,14298422,True,100000,99970.0,99.97,-0.013,0
1665446232,14298423,False,1500,99970.0,1.5,-0.013,0
1665446233,14298424,True,40011,99970.02,40.0,-0.013,0
1665446241,14298425,True,6511,99970.02,6.51,-0.013,0
1665446252,14298426,True,713025,99970.02,712.81,-0.013,2
1665446268,14298427,False,2060,99970.0,2.06,-0.013,0
1665446269,14298428,True,100029,99970.02,100.0,-0.013,2
1665446304,14298429,True,11133,99970.02,11.13,-0.013,0
1665446306,14298430,False,503780,99970.0,503.63,-0.013,2
1665446341,14298431,True,56693,99970.02,56.68,-0.013,0
1665446390,14298432,True,1320,99970.01,1.32,-0.013,0
1665446441,14298433,False,999999,99970.01,999.7,-0.013,2
1665446444,14298434,False,1,99970.01,0.0,-0.013,0
1665446444,14298435,False,43706267,99970.0,43693.16,-0.013,1
1665446444,14298436,False,99999,99970.0,99.97,-0.013,0
1665446450,14298437,False,1,99970.0,0.0,-0.013,0
1665446465,14298438,False,200100,99960.0,200.02,-0.013,2
1665446468,14298439,False,2009,99955.47,2.01,-0.013,0
1665446474,14298440,False,401038,99955.46,400.86,-0.013,2
1665446513,14298441,False,135635,99900.0,135.5,-0.014,2
1665446513,14298442,False,3466720,99850.0,3461.52,-0.014,2
1665446513,14298443,False,54351,99850.0,54.27,-0.014,0
1665446526,14298444,False,255468,99816.54,255.0,-0.014,2
1665446543,14298445,False,110000,99800.0,109.78,-0.015,2
1665446543,14298446,False,2470000,99770.0,2464.32,-0.015,2
1665446543,14298447,False,60229,99770.0,60.09,-0.015,0
1665446543,14298448,False,20770,99769.03,20.72,-0.015,0
1665446592,14298449,True,5104268,99792.557,5093.68,-0.015,2
1665446601,14298450,True,1388000,99789.416,1385.08,-0.015,2
1665446601,14298451,True,8197606,99790.651,8180.44,-0.015,2
1665446601,14298452,True,435389,99790.651,434.48,-0.015,2
1665446642,14298453,False,16802,99769.03,16.76,-0.015,0
1665446650,14298454,True,50111,99777.605,50.0,-0.015,0
1665446680,14298455,True,524326,99808.796,523.32,-0.014,2
1665446686,14298456,False,92428,99769.03,92.21,-0.015,0
1665446686,14298457,False,161754,99750.0,161.35,-0.015,2
1665446686,14298458,False,44958,99750.0,44.85,-0.015,0
1665446710,14298459,False,4840,99750.0,4.83,-0.015,0
1665446759,14298460,False,9600262,99750.0,9576.26,-0.015,2
1665446792,14298461,True,1002506,99750.002,1000.0,-0.015,2
1665446807,14298462,False,349940,99750.0,349.07,-0.015,2
1665446807,14298463,False,452189,99750.0,451.06,-0.015,2
1665446809,14298464,False,29999,99746.39,29.92,-0.015,0
1665446825,14298465,False,71301,99693.86,71.08,-0.016,0
1665446831,14298466,False,1179407,99693.86,1175.8,-0.016,2
1665446838,14298467,True,1003,99693.86,1.0,-0.016,0
1665446850,14298468,False,1,99693.86,0.0,-0.016,0
1665446850,14298469,False,130000,99693.69,129.6,-0.016,2
1665446850,14298470,False,117784,99675.0,117.4,-0.016,2
1665446863,14298471,False,3162260,99675.0,3151.98,-0.016,2
1665446867,14298472,False,37400,99675.0,37.28,-0.016,0
1665446892,14298473,False,5000032,99675.0,4983.78,-0.016,2
1665446893,14298474,True,1003,99677.192,1.0,-0.016,0
1665446907,14298475,False,1682524,99675.0,1677.06,-0.016,2
1665446908,14298476,False,29999,99629.36,29.89,-0.016,0
1665446921,14298477,False,1652524,99600.0,1645.91,-0.017,2
1665446937,14298478,True,1004,99600.0,1.0,-0.017,0
1665446945,14298479,True,125501,99600.0,125.0,-0.017,2
1665446962,14298480,True,34267,99600.0,34.13,-0.017,0
1665446968,14298481,True,1664587,99600.0,1657.93,-0.017,2
1665446968,14298482,True,1004,99600.0,1.0,-0.017,0
1665446977,14298483,True,100401,99600.01,100.0,-0.017,2
1665447007,14298484,True,251003,99600.0,250.0,-0.017,2
1665447029,14298485,False,2962027,99600.0,2950.18,-0.017,2
1665447037,14298486,True,23092,99600.01,23.0,-0.017,0
1665447087,14298487,True,4016,99600.0,4.0,-0.017,0
1665447117,14298488,False,10343253,99600.0,10301.88,-0.017,2
1665447118,14298489,True,200803,99600.01,200.0,-0.017,2
1665447118,14298490,True,100401,99600.01,100.0,-0.017,2
1665447136,14298491,True,20080,99600.01,20.0,-0.017,0
1665447140,14298492,True,3554,99600.01,3.54,-0.017,0
1665447141,14298493,True,100000,99600.01,99.6,-0.017,0
1665447147,14298494,False,13074101,99600.0,13021.8,-0.017,2
1665447161,14298495,False,670770,99600.0,668.09,-0.017,2
1665447162,14298496,False,1417806,99600.0,1412.13,-0.017,2
1665447162,14298497,False,10000000,99600.0,9960.0,-0.017,2
1665447162,14298498,False,100000,99600.0,99.6,-0.017,0
1665447162,14298499,False,200000,99600.0,199.2,-0.017,2
1665447162,14298500,False,100220,99580.0,99.8,-0.017,0
1665447162,14298501,False,100421,99580.0,100.0,-0.017,2
1665447163,14298502,True,8196,99550.2,8.16,-0.017,0
1665447170,14298503,False,100452,99550.0,100.0,-0.017,2
1665447172,14298504,True,954294,99549.998,950.0,-0.017,2
1665447176,14298505,False,29999,99533.69,29.86,-0.017,0
1665447176,14298506,False,440127,99525.0,438.04,-0.017,2
1665447192,14298507,False,9559872,99525.0,9514.46,-0.017,2
1665447192,14298508,False,1,99501.0,0.0,-0.017,0
1665447212,14298509,False,499999,99501.0,497.5,-0.017,2
1665447212,14298510,False,1005025,99500.0,1000.0,-0.017,2
1665447212,14298511,False,50000,99500.0,49.75,-0.017,0
1665447212,14298512,False,49889,99500.0,49.64,-0.017,0
1665447212,14298513,False,100000,99500.0,99.5,-0.017,0
1665447212,14298514,False,315547,99500.0,313.97,-0.017,2
1665447212,14298515,False,5000000,99500.0,4975.0,-0.017,2
1665447212,14298516,False,100501,99500.0,100.0,-0.017,2
1665447212,14298517,False,100381,99500.0,99.88,-0.017,0
1665447212,14298518,False,20663,99500.0,20.56,-0.017,0
1665447212,14298519,False,7000000,99500.0,6965.0,-0.017,2
1665447212,14298520,False,757994,99500.0,754.2,-0.017,2
1665447216,14298521,False,217543,99500.0,216.46,-0.017,2
1665447216,14298522,False,172457,99500.0,171.59,-0.017,2
1665447223,14298523,False,343874,99500.0,342.15,-0.017,2
1665447223,14298524,False,4043286,99500.0,4023.07,-0.017,2
1665447223,14298525,False,905466,99500.0,900.94,-0.017,2
1665447225,14298526,False,1,99500.0,0.0,-0.017,0
1665447232,14298527,True,60304,99495.154,60.0,-0.018,0
1665447237,14298528,False,561262,99479.34,558.34,-0.018,2
1665447237,14298529,False,1,99460.39,0.0,-0.018,0
1665447251,14298530,False,29998,99460.39,29.84,-0.018,0
1665447251,14298531,False,9970001,99425.0,9912.67,-0.018,2
1665447263,14298532,False,29998,99425.0,29.83,-0.018,0
1665447268,14298533,False,1913449,99400.0,1901.97,-0.018,2
1665447268,14298534,False,1006040,99400.0,1000.0,-0.018,2
1665447268,14298535,False,86036,99400.0,85.52,-0.018,0
1665447283,14298536,True,25158,99369.03,25.0,-0.019,0
1665447313,14298537,True,6792,99369.03,6.75,-0.019,0
1665447313,14298538,False,1000000,99369.03,993.69,-0.019,2
1665447314,14298539,False,882196,99369.03,876.63,-0.019,2
1665447317,14298540,False,100764,99360.0,100.12,-0.019,2
1665447325,14298541,True,100647,99356.588,100.0,-0.019,2
1665447326,14298542,False,259700,99342.0,257.99,-0.019,2
1665447326,14298543,False,480299,99333.96,477.1,-0.019,2
1665447365,14298544,True,251660,99340.148,250.0,-0.019,2
1665447374,14298545,False,10120,99340.0,10.05,-0.019,0
1665447409,14298546,True,11071,99353.53,11.0,-0.019,0
1665447419,14298547,True,251638,99353.026,250.01,-0.019,2
1665447425,14298548,True,20128,99363.546,20.0,-0.019,0
1665447456,14298549,True,6039,99353.601,6.0,-0.019,0
1665447504,14298550,True,1841,99355.285,1.83,-0.019,0
1665447516,14298551,True,214063,99353.477,212.68,-0.019,2
1665447539,14298552,True,283021,99352.975,281.19,-0.019,2
1665447552,14298553,True,100639,99364.579,100.0,-0.019,2
1665447583,14298554,True,517000,99352.589,513.65,-0.019,2
1665447583,14298555,True,489513,99353.177,486.35,-0.019,2
1665447615,14298556,False,36798,99353.0,36.56,-0.019,0
1665447638,14298557,True,19123,99354.644,19.0,-0.019,0
1665447647,14298558,True,100650,99353.335,100.0,-0.019,2
1665447649,14298559,True,13255,99353.335,13.17,-0.019,0
1665447675,14298560,True,2012,99357.247,2.0,-0.019,0
1665447687,14298561,True,5032,99352.775,5.0,-0.019,0
1665447694,14298562,True,1807000,99353.467,1795.32,-0.019,2
1665447694,14298563,True,206013,99353.557,204.68,-0.019,2
1665447701,14298564,True,2274,99353.508,2.26,-0.019,0
1665447702,14298565,True,301927,99361.635,300.0,-0.019,2
1665447730,14298566,False,17800,99340.0,17.68,-0.019,0
1665447769,14298567,True,100651,99352.843,100.0,-0.019,2
1665447771,14298568,True,100651,99352.843,100.0,-0.019,2
1665447805,14298569,True,75498,99340.0,75.0,-0.019,0
1665447814,14298570,False,2259,99340.0,2.24,-0.019,0
1665447838,14298571,False,2463941,99340.0,2447.68,-0.019,2
1665447838,14298572,False,29999,99333.96,29.8,-0.019,0
1665447838,14298573,False,36354,99300.0,36.1,-0.019,0
1665447838,14298574,False,312705,99300.0,310.52,-0.019,2
1665447842,14298575,True,503482,99308.21,500.0,-0.019,2
1665447842,14298576,True,5165,99308.21,5.13,-0.019,0
1665447847,14298577,True,25254,99308.21,25.08,-0.019,0
1665447884,14298578,False,9687295,99300.0,9619.48,-0.019,2
1665447884,14298579,False,2440000,99250.0,2421.7,-0.02,2
1665447884,14298580,False,30219,99250.0,29.99,-0.02,0
1665447884,14298581,False,432999,99223.07,429.64,-0.02,2
1665447884,14298582,False,29999,99219.63,29.77,-0.02,0
1665447884,14298583,False,1050000,99211.002,1041.72,-0.02,2
1665447884,14298584,False,1006000,99209.975,998.05,-0.02,2
1665447884,14298585,False,14586682,99209.36,14471.35,-0.02,2
1665447884,14298586,False,848000,99208.072,841.28,-0.02,2
1665447884,14298587,False,829000,99207.685,822.43,-0.02,2
1665447884,14298588,False,1428000,99199.524,1416.57,-0.02,2
1665447884,14298589,False,1382000,99199.039,1370.93,-0.02,2
1665447884,14298590,False,1505000,99197.872,1492.93,-0.02,2
1665447884,14298591,False,1428000,99197.8,1416.54,-0.02,2
1665447884,14298592,False,1885473,99196.3,1870.32,-0.02,2
1665447884,14298593,False,11000,99180.0,10.91,-0.021,0
1665447884,14298594,False,29999,99176.39,29.75,-0.021,0
1665447884,14298595,False,13270,99160.12,13.16,-0.021,0
1665447884,14298596,False,1876000,99151.23,1860.08,-0.021,2
1665447884,14298597,False,1797000,99150.964,1781.74,-0.021,2
1665447884,14298598,False,10000000,99150.0,9915.0,-0.021,2
1665447884,14298599,False,1020000,99128.58,1011.11,-0.021,2
1665447884,14298600,False,759389,99123.0,752.73,-0.021,2
1665447884,14298601,False,29999,99103.69,29.73,-0.021,0
1665447884,14298602,False,15895297,99100.0,15752.24,-0.021,2
1665447884,14298603,False,77487,99100.0,76.79,-0.021,0
1665447884,14298604,False,62389,99066.52,61.81,-0.022,0
1665447884,14298605,False,29999,99060.39,29.72,-0.022,0
1665447884,14298606,False,17420000,99031.1,17251.22,-0.022,2
1665447884,14298607,False,10000000,99025.0,9902.5,-0.022,2
1665447884,14298608,False,6059,99024.0,6.0,-0.022,0
1665447884,14298609,False,29999,99016.39,29.7,-0.022,0
1665447884,14298610,False,227272,99000.09,225.0,-0.022,2
1665447884,14298611,False,48737,99000.0,48.25,-0.022,0
1665447884,14298612,False,61737,99000.0,61.12,-0.022,0
1665447884,14298613,False,51191,99000.0,50.68,-0.022,0
1665447884,14298614,False,1140989,99000.0,1129.58,-0.022,2
1665447884,14298615,False,50343,99000.0,49.84,-0.022,0
1665447884,14298616,False,18323,99000.0,18.14,-0.022,0
1665447884,14298617,False,3000,99000.0,2.97,-0.022,0
1665447884,14298618,False,75474,99000.0,74.72,-0.022,0
1665447884,14298619,False,140400,99000.0,139.0,-0.022,2
1665447884,14298620,False,50505,99000.0,50.0,-0.022,0
1665447884,14298621,False,303036,99000.0,300.01,-0.022,2
1665447884,14298622,False,75758,99000.0,75.0,-0.022,0
1665447884,14298623,False,101500,99000.0,100.48,-0.022,2
1665447884,14298624,False,17443240,99000.0,17268.81,-0.022,2
1665447884,14298625,False,100000,99000.0,99.0,-0.022,0
1665447884,14298626,False,25818,99000.0,25.56,-0.022,0
1665447884,14298627,False,1010101,99000.0,1000.0,-0.022,2
1665447884,14298628,False,225010,99000.0,222.76,-0.022,2
1665447884,14298629,False,1027616,99000.0,1017.34,-0.022,2
1665447884,14298630,False,10000,99000.0,9.9,-0.022,0
1665447884,14298631,False,5002138,99000.0,4952.12,-0.022,2
1665447884,14298632,False,413999,99224.512,410.79,-0.02,2
1665447884,14298633,False,533444,99211.461,529.24,-0.02,2
1665447894,14298634,True,2254,99298.128,2.24,-0.019,0
1665447907,14298635,False,5000000,99103.621,4955.18,-0.021,2
1665447907,14298636,False,1480000,99103.611,1466.73,-0.021,2
1665447907,14298637,False,309000,99013.85,305.95,-0.022,2
1665447907,14298638,False,316000,99012.678,312.88,-0.022,2
1665447907,14298639,False,618000,99012.382,611.9,-0.022,2
1665447907,14298640,False,750000,99012.345,742.59,-0.022,2
1665447907,14298641,False,652000,99010.039,645.55,-0.022,2
1665447907,14298642,False,276360,99008.285,273.62,-0.022,2
1665447946,14298643,True,6465,99289.171,6.42,-0.02,0
1665447953,14298644,True,62567,99252.38,62.1,-0.02,0
1665447984,14298645,True,100813,99193.326,100.0,-0.021,2
1665447987,14298646,True,6486,99192.322,6.43,-0.021,0
1665447992,14298647,True,7057,99189.395,7.0,-0.021,0
1665448000,14298648,True,10082,99186.331,10.0,-0.021,0
1665448013,14298649,True,1008172,99181.882,999.92,-0.021,2
1665448018,14298650,False,1778000,99100.78,1762.01,-0.021,2
1665448019,14298651,True,1209918,99180.271,1200.0,-0.021,2
1665448026,14298652,True,100691,99177.219,99.86,-0.021,0
1665448059,14298653,True,597000,99166.775,592.03,-0.021,2
1665448059,14298654,True,310557,99168.276,307.97,-0.021,2
1665448061,14298655,True,134500,99166.775,133.38,-0.021,2
1665448061,14298656,True,58281,99166.775,57.8,-0.021,0
1665448074,14298657,True,303339,99265.299,301.11,-0.02,2
1665448081,14298658,True,17539,99263.225,17.41,-0.02,0
1665448081,14298659,True,1007,99263.225,1.0,-0.02,0
1665448093,14298660,False,1816999,99168.041,1801.88,-0.021,2
1665448104,14298661,True,25187,99257.092,25.0,-0.02,0
1665448111,14298662,True,50375,99255.21,50.0,-0.02,0
1665448112,14298663,True,610844,99255.21,606.29,-0.02,2
1665448127,14298664,True,314632,99252.217,312.28,-0.02,2
1665448139,14298665,False,21932,99172.857,21.75,-0.021,0
1665448163,14298666,True,18535,99323.157,18.41,-0.019,0
1665448165,14298667,True,201361,99323.157,200.0,-0.019,2
1665448186,14298668,True,276896,99314.96,275.0,-0.019,2
1665448187,14298669,True,10068,99314.96,10.0,-0.019,0
1665448202,14298670,False,91480,99199.903,90.75,-0.02,0
1665448202,14298671,True,1000274,99323.157,993.5,-0.019,2
1665448208,14298672,True,604098,99321.573,600.0,-0.019,2
1665448248,14298673,True,10069,99308.064,10.0,-0.019,0
1665448253,14298674,True,2191998,99307.087,2176.81,-0.019,2
1665448279,14298675,True,1007,99323.157,1.0,-0.019,0
1665448279,14298676,True,654,99327.513,0.65,-0.019,0
1665448306,14298677,True,100638,99365.138,100.0,-0.019,2
1665448313,14298678,True,100634,99369.03,100.0,-0.019,2
1665448322,14298679,True,1659677,99369.03,1649.2,-0.019,2
1665448342,14298680,True,739366,99369.03,734.7,-0.019,2
1665448352,14298681,True,144024,99462.263,143.25,-0.018,2
1665448357,14298682,True,251351,99462.263,250.0,-0.018,2
1665448361,14298683,True,8038,99523.657,8.0,-0.017,0
1665448371,14298684,True,200965,99519.494,200.0,-0.017,2
1665448390,14298685,True,70500,99513.831,70.16,-0.017,0
1665448401,14298686,True,6029,99508.427,6.0,-0.017,0
1665448439,14298687,False,197400,99440.48,196.3,-0.018,2
1665448467,14298688,True,1246,99503.892,1.24,-0.017,0
1665448482,14298689,True,21699,99497.067,21.59,-0.018,0
1665448487,14298690,True,5125779,99497.067,5100.0,-0.018,2
1665448494,14298691,True,2271,99513.605,2.26,-0.017,0
1665448497,14298692,False,339000,99444.597,337.12,-0.018,2
1665448497,14298693,False,578120,99443.379,574.9,-0.018,2
1665448503,14298694,True,1689999,99510.41,1681.73,-0.017,2
1665448503,14298695,True,407434,99510.41,405.44,-0.017,2
1665448539,14298696,True,2010043,99500.321,2000.0,-0.017,2
1665448569,14298697,True,629031,99496.043,625.86,-0.018,2
1665448618,14298698,True,1440000,99486.561,1432.61,-0.018,2
1665448618,14298699,True,570321,99486.561,567.39,-0.018,2
1665448624,14298700,True,100516,99485.416,100.0,-0.018,2
1665448633,14298701,True,72735,99484.021,72.36,-0.018,0
1665448642,14298702,False,2210000,99453.098,2197.91,-0.018,2
1665448642,14298703,False,345000,99453.098,343.11,-0.018,2
1665448642,14298704,False,335000,99451.861,333.16,-0.018,2
1665448642,14298705,False,2272050,99450.0,2259.55,-0.018,2
1665448718,14298706,True,100518,99484.453,100.0,-0.018,2
1665448751,14298707,True,82904,99500.499,82.49,-0.017,0
1665448762,14298708,True,143786,99508.613,143.08,-0.017,2
1665448763,14298709,True,2843,99508.613,2.83,-0.017,0
1665448770,14298710,True,100498,99504.353,100.0,-0.017,2
1665448777,14298711,True,201002,99501.055,200.0,-0.017,2
1665448793,14298712,False,14773,99454.687,14.69,-0.018,0
1665448837,14298713,False,1063000,99454.687,1057.2,-0.018,2
1665448878,14298714,False,143830,99454.687,143.05,-0.018,2
1665448922,14298715,False,595000,99454.687,591.76,-0.018,2
1665448949,14298716,False,32800,99454.687,32.62,-0.018,0
1665449015,14298717,False,1375000,99454.687,1367.5,-0.018,2
1665449028,14298718,True,100532,99469.86,100.0,-0.018,2
1665449039,14298719,True,615000,99465.319,611.71,-0.018,2
1665449039,14298720,True,1179000,99465.497,1172.7,-0.018,2
1665449039,14298721,True,216747,99466.006,215.59,-0.018,2
1665449040,14298722,False,496756,99454.687,494.05,-0.018,2
1665449047,14298723,True,67070,99461.887,66.71,-0.018,0
1665449050,14298724,True,587031,99460.288,583.86,-0.018,2
1665449052,14298725,False,3176868,99454.687,3159.54,-0.018,2
1665449057,14298726,False,964465,99454.687,959.21,-0.018,2
1665449135,14298727,True,110921,99503.079,110.37,-0.017,2
1665449185,14298728,True,251285,99488.252,250.0,-0.018,2
1665449208,14298729,False,3020000,99450.0,3003.39,-0.018,2
1665449209,14298730,True,39747,99478.885,39.54,-0.018,0
1665449231,14298731,True,100552,99450.0,100.0,-0.018,2
1665449270,14298732,True,44816,99450.057,44.57,-0.018,0
1665449296,14298733,False,91080,99450.0,90.58,-0.018,0
1665449362,14298734,True,37707,99450.057,37.5,-0.018,0
1665449362,14298735,True,50276,99450.057,50.0,-0.018,0
1665449370,14298736,False,10980,99450.0,10.92,-0.018,0
1665449404,14298737,False,2005,99450.0,1.99,-0.018,0
1665449418,14298738,True,50274,99451.03,50.0,-0.018,0
1665449432,14298739,True,603314,99450.571,600.0,-0.018,2
1665449437,14298740,True,565592,99453.187,562.5,-0.018,2
1665449438,14298741,True,109689,99451.897,109.09,-0.018,2
1665449440,14298742,True,100551,99451.897,100.0,-0.018,2
1665449564,14298743,True,502460,99510.4,500.0,-0.017,2
1665449588,14298744,False,29999,99464.21,29.84,-0.018,0
1665449646,14298745,True,1004,99510.4,1.0,-0.017,0
1665449684,14298746,True,24934,99510.4,24.81,-0.017,0
1665449700,14298747,True,50247,99507.321,50.0,-0.017,0
1665449705,14298748,True,100488,99503.892,99.99,-0.017,0
1665449819,14298749,True,50259,99483.816,50.0,-0.018,0
1665449828,14298750,True,10052,99479.033,10.0,-0.018,0
1665449879,14298751,True,20110,99450.0,20.0,-0.018,0
1665449895,14298752,True,1100000,99450.0,1093.95,-0.018,2
1665449895,14298753,True,2490000,99457.432,2476.49,-0.018,2
1665449895,14298754,True,240107,99480.432,238.86,-0.018,2
1665449903,14298755,False,10000,99450.0,9.95,-0.018,0
1665449906,14298756,True,48946,99475.879,48.69,-0.018,0
1665449914,14298757,True,14304,99479.157,14.23,-0.018,0
1665449961,14298758,True,201022,99491.104,200.0,-0.018,2
1665449989,14298759,True,585000,99478.955,581.95,-0.018,2
1665449989,14298760,True,828612,99479.243,824.3,-0.018,2
1665449994,14298761,True,11027,99480.028,10.97,-0.018,0
1665450046,14298762,True,1005122,99490.36,1000.0,-0.018,2
1665450050,14298763,True,20102,99488.783,20.0,-0.018,0
1665450058,14298764,True,93070,99483.555,92.59,-0.018,0
1665450060,14298765,True,452321,99483.555,449.99,-0.018,2
1665450090,14298766,True,100523,99478.955,100.0,-0.018,2
1665450107,14298767,False,130000,99450.0,129.28,-0.018,2
1665450120,14298768,True,25130,99478.353,25.0,-0.018,0
1665450238,14298769,True,4203232,99456.31,4180.38,-0.018,2
1665450240,14298770,True,150819,99456.31,150.0,-0.018,2
1665450306,14298771,True,15081,99456.31,15.0,-0.018,0
1665450316,14298772,False,97225,99450.0,96.69,-0.018,0
1665450352,14298773,True,50276,99450.0,50.0,-0.018,0
1665450357,14298774,True,50276,99450.0,50.0,-0.018,0
1665450386,14298775,True,16479,99456.31,16.39,-0.018,0
1665450408,14298776,False,10145,99450.0,10.09,-0.018,0
1665450462,14298777,False,1172240,99454.176,1165.84,-0.018,2
1665450494,14298778,True,130071,99510.4,129.43,-0.017,2
1665450494,14298779,True,372299,99534.277,370.57,-0.017,2
1665450496,14298780,False,391875,99450.0,389.72,-0.018,2
1665450525,14298781,True,1009479,99533.416,1004.77,-0.017,2
1665450541,14298782,True,251040,99585.707,250.0,-0.017,2
1665450558,14298783,False,587110,99541.97,584.42,-0.017,2
