timestamp,tid,bool_type,satoshi,price,volume,var_mean,bool_volume
1665178520,14292182,False,14030,102615.516,14.4,0.015,0
1665178532,14292183,True,184895,102663.21,189.82,0.016,2
1665178555,14292184,False,40703,102615.518,41.77,0.015,0
1665178888,14292185,True,1569736,102564.93,1610.0,0.015,2
1665178907,14292186,True,29249,102564.93,30.0,0.015,0
1665178925,14292187,False,1390,102564.93,1.43,0.015,0
1665178936,14292188,True,467996,102564.93,480.0,0.015,2
1665178965,14292189,True,91405,102564.94,93.75,0.015,0
1665179014,14292190,False,11350,102564.93,11.64,0.015,0
1665179023,14292191,True,2700,102564.94,2.77,0.015,0
1665179038,14292192,False,40000,102564.93,41.03,0.015,0
1665179078,14292193,True,8400697,102564.94,8616.17,0.015,2
1665179134,14292194,True,243748,102564.93,250.0,0.015,2
1665179267,14292195,False,700242,102564.93,718.2,0.015,2
1665179323,14292196,False,487500,102564.93,500.0,0.015,2
1665179394,14292197,False,5300,102564.93,5.44,0.015,0
1665179443,14292198,False,8048934,102564.93,8255.38,0.015,2
1665179449,14292199,False,1987349,102564.93,2038.32,0.015,2
1665179571,14292200,False,3249,102564.937,3.33,0.015,0
1665179577,14292201,True,8638,102564.937,8.86,0.015,0
1665179648,14292202,False,4750,102564.937,4.87,0.015,0
1665179732,14292203,True,15229,102564.95,15.62,0.015,0
1665179896,14292204,True,5859,102564.937,6.01,0.015,0
1665179997,14292205,True,150363,102564.95,154.22,0.015,2
1665180017,14292206,True,1949,102564.937,2.0,0.015,0
1665180046,14292207,True,29425,102564.95,30.18,0.015,0
1665180063,14292208,True,97499,102564.95,100.0,0.015,2
1665180098,14292209,False,18330,102564.937,18.8,0.015,0
1665180187,14292210,True,9749,102564.937,10.0,0.015,0
1665180187,14292211,False,45840,102564.937,47.02,0.015,0
1665180230,14292212,True,12128,102564.937,12.44,0.015,0
1665180230,14292213,True,29249,102564.937,30.0,0.015,0
1665180282,14292214,True,4729,102564.937,4.85,0.015,0
1665180290,14292215,False,3863,102564.937,3.96,0.015,0
1665180354,14292216,False,4890,102564.937,5.02,0.015,0
1665180356,14292217,False,2489990,102564.937,2553.86,0.015,2
1665180357,14292218,False,4622417,102564.937,4740.98,0.015,2
1665180357,14292219,False,16100802,102564.93,16513.78,0.015,2
1665180589,14292220,True,195168,102475.32,200.0,0.014,2
1665180609,14292221,True,97536,102525.896,100.0,0.014,2
1665180698,14292222,False,104221,102471.629,106.8,0.014,2
1665180700,14292223,True,54650,102488.2,56.01,0.014,0
1665180727,14292224,True,9757,102488.2,10.0,0.014,0
1665180732,14292225,True,1721,102539.0,1.76,0.015,0
1665180800,14292226,False,1382,102460.673,1.42,0.014,0
1665180857,14292227,True,1171089,102468.67,1200.0,0.014,2
1665181032,14292228,True,195075,102524.61,200.0,0.014,2
1665181036,14292229,False,34651,102498.315,35.52,0.014,0
1665181041,14292230,False,300000,102500.407,307.5,0.014,2
1665181080,14292231,True,9751373,102549.66,10000.0,0.015,2
1665181305,14292232,True,5050,102571.87,5.18,0.015,0
1665181333,14292233,True,2146444,102495.08,2200.0,0.014,2
1665181370,14292234,True,91737,102466.595,94.0,0.014,0
1665181501,14292235,False,378634,102418.64,387.79,0.013,2
1665181520,14292236,True,34169,102430.58,35.0,0.014,0
1665181625,14292237,False,38276760,102423.827,39204.52,0.013,1
1665181644,14292238,False,12758929,102423.827,13068.18,0.013,2
1665181740,14292239,False,422000,102429.9,432.25,0.014,2
1665181740,14292240,False,55460,102429.9,56.81,0.014,0
1665181802,14292241,True,9762,102429.9,10.0,0.014,0
1665181823,14292242,True,1000000,102359.5,1023.6,0.013,2
1665181985,14292243,True,195388,102359.5,200.0,0.013,2
1665182054,14292244,True,54721,102334.72,56.0,0.013,0
1665182090,14292245,True,1758,102334.72,1.8,0.013,0
1665182144,14292246,True,586311,102334.72,600.0,0.013,2
1665182274,14292247,True,97713,102339.97,100.0,0.013,2
1665182275,14292248,True,9771,102339.97,10.0,0.013,0
1665182284,14292249,False,291930,102339.97,298.76,0.013,2
1665182285,14292250,True,25317,102339.97,25.91,0.013,0
1665182294,14292251,True,1797,102339.97,1.84,0.013,0
1665182375,14292252,False,13109,102339.97,13.42,0.013,0
1665182387,14292253,False,53720,102334.71,54.97,0.013,0
1665182455,14292254,True,15000000,102339.97,15351.0,0.013,2
1665182486,14292255,True,488445,102365.59,500.0,0.013,2
1665182610,14292256,True,242700,102496.214,248.76,0.014,2
1665182650,14292257,True,34170,102427.46,35.0,0.014,0
1665182902,14292258,True,654699,102384.34,670.31,0.013,2
1665183038,14292259,True,95654,102347.43,97.9,0.013,0
1665183260,14292260,True,293031,102378.14,300.0,0.013,2
1665183345,14292261,True,27096,102401.81,27.75,0.013,0
1665183370,14292262,True,48827,102401.81,50.0,0.013,0
1665183458,14292263,True,40056,102354.63,41.0,0.013,0
1665183514,14292264,True,1953,102354.63,2.0,0.013,0
1665183845,14292265,True,424303,102334.72,434.21,0.013,2
1665183962,14292266,False,1432627,102342.38,1466.18,0.013,2
1665184024,14292267,True,195422,102342.38,200.0,0.013,2
1665184072,14292268,False,76439,102334.71,78.22,0.013,0
1665184081,14292269,True,338491,102342.38,346.42,0.013,2
1665184109,14292270,True,53154,102342.38,54.4,0.013,0
1665184212,14292271,True,977112,102342.38,1000.0,0.013,2
1665184401,14292272,True,195437,102334.71,200.0,0.013,2
1665184443,14292273,True,89581,102334.71,91.67,0.013,0
1665184516,14292274,True,97718,102334.71,100.0,0.013,2
1665184592,14292275,True,9165,102334.72,9.38,0.013,0
1665184599,14292276,True,39087,102334.72,40.0,0.013,0
1665184628,14292277,False,469360,102334.71,480.32,0.013,2
1665184748,14292278,False,67560,102334.71,69.14,0.013,0
1665185163,14292279,True,977,102338.91,1.0,0.013,0
1665185173,14292280,True,4885,102338.91,5.0,0.013,0
1665185200,14292281,False,977185,102334.71,1000.0,0.013,2
1665185200,14292282,False,200000,102334.0,204.67,0.013,2
1665185200,14292283,False,1754255,102319.729,1794.95,0.012,2
1665185456,14292284,True,107544,102283.27,110.0,0.012,2
1665185457,14292285,True,977676,102283.27,1000.0,0.012,2
1665185498,14292286,True,48890,102268.95,50.0,0.012,0
1665185546,14292287,True,146672,102268.95,150.0,0.012,2
1665185580,14292288,True,9778,102265.28,10.0,0.012,0
1665185638,14292289,False,17630,102252.099,18.03,0.012,0
1665185663,14292290,True,978341,102213.73,1000.0,0.011,2
1665185802,14292291,False,979,102160.8,1.0,0.011,0
1665185831,14292292,True,48941,102160.8,50.0,0.011,0
1665185910,14292293,True,15000028,102096.21,15314.46,0.01,2
1665185914,14292294,True,979468,102096.22,1000.0,0.01,2
1665185936,14292295,True,48972,102096.22,50.0,0.01,0
1665185959,14292296,True,557483,102245.123,570.0,0.012,2
1665186047,14292297,True,261368,102085.75,266.82,0.01,2
1665186071,14292298,True,19591,102085.75,20.0,0.01,0
1665186159,14292299,False,806000,102101.675,822.94,0.01,2
1665186159,14292300,False,1841000,102100.613,1879.67,0.01,2
1665186159,14292301,False,2269000,102100.51,2316.66,0.01,2
1665186209,14292302,True,244729,102153.48,250.0,0.011,2
1665186221,14292303,False,45859,102124.605,46.83,0.011,0
1665186267,14292304,True,261242,102138.56,266.83,0.011,2
1665186403,14292305,False,704853,102112.826,719.75,0.01,2
1665186430,14292306,True,979,102138.56,1.0,0.011,0
1665186430,14292307,True,148876,102138.56,152.06,0.011,2
1665186544,14292308,True,96836,102138.68,98.91,0.011,0
1665186560,14292309,True,195811,102138.68,200.0,0.011,2
1665186595,14292310,True,5141815,102132.75,5251.48,0.011,2
1665186741,14292311,True,1204,102118.18,1.23,0.01,0
1665186850,14292312,True,97919,102124.48,100.0,0.011,2
1665186861,14292313,True,14687,102124.48,15.0,0.011,0
1665186889,14292314,False,592620,102124.48,605.21,0.011,2
1665187046,14292315,False,54993,102149.72,56.18,0.011,0
1665187074,14292316,True,301616,102149.72,308.1,0.011,2
1665187082,14292317,False,41830,102149.72,42.73,0.011,0
1665187161,14292318,True,63889,102332.325,65.38,0.013,0
1665187316,14292319,True,978,102146.16,1.0,0.011,0
1665187319,14292320,False,48278,102115.015,49.3,0.01,0
1665187335,14292321,True,97898,102146.16,100.0,0.011,2
1665187620,14292322,True,24458,102212.58,25.0,0.011,0
1665187647,14292323,True,978,102212.58,1.0,0.011,0
1665187675,14292324,True,978,102212.58,1.0,0.011,0
1665187707,14292325,True,978,102212.58,1.0,0.011,0
1665187731,14292326,True,2540613,102337.47,2600.0,0.013,2
1665187735,14292327,True,106510,102337.47,109.0,0.013,2
1665187740,14292328,True,977,102338.83,1.0,0.013,0
1665187814,14292329,False,68400,102262.745,69.95,0.012,0
1665187924,14292330,True,2833525,102345.99,2900.0,0.013,2
1665187974,14292331,False,2003,102241.319,2.05,0.012,0
1665188023,14292332,False,997549,102247.286,1019.97,0.012,2
1665188075,14292333,False,1197000,102259.46,1224.05,0.012,2
1665188120,14292334,False,199990,102276.901,204.54,0.012,2
1665188151,14292335,False,2550000,102282.675,2608.21,0.012,2
1665188151,14292336,False,396000,102282.675,405.04,0.012,2
1665188151,14292337,False,1699000,102244.386,1737.13,0.012,2
1665188151,14292338,False,941000,102244.384,962.12,0.012,2
1665188151,14292339,False,1321000,102244.025,1350.64,0.012,2
1665188151,14292340,False,1193000,102243.114,1219.76,0.012,2
1665188237,14292341,True,97704,102349.034,100.0,0.013,2
1665188290,14292342,True,1455,102368.302,1.49,0.013,0
1665188358,14292343,True,488434,102367.972,500.0,0.013,2
1665188363,14292344,True,9456,102366.32,9.68,0.013,0
1665188385,14292345,True,293403,102374.366,300.37,0.013,2
1665188498,14292346,False,490540,102355.279,502.09,0.013,2
1665188505,14292347,True,13409,102613.317,13.76,0.015,0
1665188506,14292348,False,194924,102422.368,199.65,0.013,2
1665188664,14292349,True,1212000,102647.553,1244.09,0.016,2
1665188664,14292350,True,599000,102647.627,614.86,0.016,2
1665188664,14292351,True,1957000,102647.839,2008.82,0.016,2
1665188664,14292352,True,1409000,102647.97,1446.31,0.016,2
1665188664,14292353,True,1378000,102648.08,1414.49,0.016,2
1665188664,14292354,True,1174000,102648.363,1205.09,0.016,2
1665188664,14292355,True,6883955,102649.44,7066.34,0.016,2
1665188669,14292356,True,97423,102644.609,100.0,0.016,2
1665188807,14292357,True,29652,102587.28,30.42,0.015,0
1665188875,14292358,False,46560,102532.625,47.74,0.015,0
1665188916,14292359,True,292467,102575.585,300.0,0.015,2
1665188952,14292360,True,29920,102573.036,30.69,0.015,0
1665189119,14292361,False,1000,102421.668,1.02,0.013,0
1665189178,14292362,True,761399,102442.96,780.0,0.014,2
1665189186,14292363,True,4831,102442.96,4.95,0.014,0
1665189195,14292364,True,976,102442.96,1.0,0.014,0
1665189375,14292365,False,44690,102408.503,45.77,0.013,0
1665189396,14292366,False,2010,102410.318,2.06,0.013,0
1665189422,14292367,True,1952002,102458.88,2000.0,0.014,2
1665189437,14292368,False,176304,102415.502,180.56,0.013,2
1665189523,14292369,False,299898,102409.003,307.12,0.013,2
1665189538,14292370,True,1883,102457.21,1.93,0.014,0
1665189594,14292371,True,12561,102457.21,12.87,0.014,0
1665189718,14292372,True,9759,102462.04,10.0,0.014,0
1665189915,14292373,False,16019,102396.44,16.4,0.013,0
1665189932,14292374,False,3980,102396.44,4.08,0.013,0
1665189932,14292375,False,179484,102370.5,183.74,0.013,2
1665189963,14292376,True,15908,102398.388,16.29,0.013,0
1665190006,14292377,True,97672,102383.329,100.0,0.013,2
1665190019,14292378,False,15904,102370.5,16.28,0.013,0
1665190019,14292379,False,83469,102338.206,85.42,0.013,0
1665190030,14292380,True,55247,102344.27,56.54,0.013,0
1665190055,14292381,True,117251,102344.27,120.0,0.013,2
1665190086,14292382,False,136780,102292.224,139.92,0.012,2
1665190127,14292383,True,21997,102376.45,22.52,0.013,0
1665190249,14292384,False,100000,102355.117,102.36,0.013,2
1665190283,14292385,True,975,102460.32,1.0,0.014,0
1665190489,14292386,False,426000,102387.036,436.17,0.013,2
1665190489,14292387,False,25152520,102385.4,25752.51,0.013,1
1665190681,14292388,True,487942,102470.995,500.0,0.014,2
1665190848,14292389,False,288040,102388.488,294.92,0.013,2
1665190878,14292390,False,202760,102375.363,207.58,0.013,2
1665190937,14292391,False,1670000,102348.235,1709.22,0.013,2
1665190937,14292392,False,5000000,102348.235,5117.41,0.013,2
1665190937,14292393,False,422000,102348.225,431.91,0.013,2
1665190937,14292394,False,1363000,102348.214,1395.01,0.013,2
1665190937,14292395,False,940000,102348.044,962.07,0.013,2
1665190937,14292396,False,15356426,102346.375,15716.75,0.013,2
1665190959,14292397,False,5078,102313.648,5.2,0.012,0
1665191184,14292398,True,179563,102410.903,183.89,0.013,2
1665191353,14292399,True,30995,102336.781,31.72,0.013,0
1665191401,14292400,True,2003,102327.363,2.05,0.013,0
1665191573,14292401,True,244107,102413.859,250.0,0.013,2
1665191631,14292402,True,9764,102413.481,10.0,0.013,0
1665191812,14292403,True,4883,102391.07,5.0,0.013,0
1665191817,14292404,False,9000,102309.248,9.21,0.012,0
1665191939,14292405,True,19696,102402.046,20.17,0.013,0
1665192040,14292406,False,57064,102254.8,58.35,0.012,0
1665192075,14292407,True,146485,102398.878,150.0,0.013,2
1665192243,14292408,True,175758,102413.32,180.0,0.013,2
1665192249,14292409,True,97643,102413.32,100.0,0.013,2
1665192294,14292410,False,7260,102348.718,7.43,0.013,0
1665192306,14292411,False,99103,102353.411,101.44,0.013,2
1665192351,14292412,True,156229,102413.32,160.0,0.013,2
1665192420,14292413,False,16090,102375.664,16.47,0.013,0
1665192470,14292414,False,392000,102368.395,401.28,0.013,2
1665192470,14292415,False,9608000,102366.557,9835.38,0.013,2
1665192885,14292416,False,20000,102367.621,20.47,0.013,0
1665193042,14292417,True,195201,102458.48,200.0,0.014,2
1665193073,14292418,True,48783,102492.868,50.0,0.014,0
1665193120,14292419,False,975680,102408.395,999.18,0.013,2
1665193150,14292420,False,5600,102408.4,5.73,0.013,0
1665193273,14292421,False,1880000,102408.863,1925.29,0.013,2
1665193273,14292422,False,393000,102408.863,402.47,0.013,2
1665193273,14292423,False,617000,102406.642,631.85,0.013,2
1665193298,14292424,False,9750634,102408.882,9985.52,0.013,2
1665193341,14292425,True,522439,102472.856,535.36,0.014,2
1665193352,14292426,True,22725,102482.83,23.29,0.014,0
1665193386,14292427,False,1000,102412.416,1.02,0.013,0
1665193452,14292428,False,401800,102436.5,411.59,0.014,2
1665193547,14292429,True,12192,102518.343,12.5,0.014,0
1665193745,14292430,True,68266,102539.49,70.0,0.015,0
1665193797,14292431,True,28965,102535.763,29.7,0.015,0
1665193919,14292432,True,14631,102520.414,15.0,0.014,0
1665194221,14292433,False,30745,102448.048,31.5,0.014,0
1665194381,14292434,True,180998,102581.203,185.67,0.015,2
1665194590,14292435,True,1949,102576.245,2.0,0.015,0
1665194605,14292436,False,1380000,102478.678,1414.21,0.014,2
1665194605,14292437,False,197606,102478.678,202.5,0.014,2
1665197064,14292438,True,48775,102509.788,50.0,0.014,0
1665197085,14292439,False,1000000,102451.844,1024.52,0.014,2
1665197085,14292440,False,464800,102451.834,476.2,0.014,2
1665197130,14292441,False,1490000,102451.834,1526.53,0.014,2
1665197130,14292442,False,3910000,102414.9,4004.42,0.013,2
1665197130,14292443,False,2000000,102407.103,2048.14,0.013,2
1665197130,14292444,False,698165,102407.093,714.97,0.013,2
1665197132,14292445,False,146937,102407.093,150.47,0.013,2
1665197272,14292446,True,1288,102417.191,1.32,0.013,0
1665197281,14292447,False,292986,102360.0,299.9,0.013,2
1665197281,14292448,False,488410,102360.0,499.94,0.013,2
1665197281,14292449,False,1440000,102346.598,1473.79,0.013,2
1665197281,14292450,False,2470000,102334.028,2527.65,0.013,2
1665197281,14292451,False,1000000,102319.074,1023.19,0.012,2
1665197281,14292452,True,642833,102299.006,657.61,0.012,2
1665197327,14292453,False,1600000,102333.99,1637.34,0.013,2
1665197327,14292454,False,409000,102333.99,418.55,0.013,2
1665197327,14292455,False,1931969,102331.269,1977.01,0.013,2
1665197369,14292456,True,285054,102370.001,291.81,0.013,2
1665197435,14292457,False,135000,102209.109,137.98,0.011,2
1665197535,14292458,True,48846,102360.53,50.0,0.013,0
1665197645,14292459,True,976,102360.53,1.0,0.013,0
1665197651,14292460,True,976,102360.53,1.0,0.013,0
1665197664,14292461,True,363916,102398.0,372.64,0.013,2
1665197664,14292462,True,2190000,102398.0,2242.52,0.013,2
1665197664,14292463,True,375828,102398.0,384.84,0.013,2
1665197668,14292464,True,976,102398.0,1.0,0.013,0
1665197691,14292465,True,976,102398.0,1.0,0.013,0
1665197704,14292466,False,1705999,102334.104,1745.82,0.013,2
1665197704,14292467,False,945000,102333.56,967.05,0.013,2
1665197704,14292468,False,925000,102333.539,946.59,0.013,2
1665197704,14292469,False,746000,102333.439,763.41,0.013,2
1665197704,14292470,False,795005,102333.43,813.56,0.013,2
1665197720,14292471,True,976,102398.0,1.0,0.013,0
1665197742,14292472,True,976,102389.344,1.0,0.013,0
1665197774,14292473,True,146489,102396.708,150.0,0.013,2
1665197805,14292474,True,976,102396.708,1.0,0.013,0
1665197906,14292475,True,2441,102396.708,2.5,0.013,0
1665197975,14292476,True,976,102396.708,1.0,0.013,0
1665198074,14292477,True,4414,102396.708,4.52,0.013,0
1665198177,14292478,True,97659,102396.708,100.0,0.013,2
1665198604,14292479,False,1200000,102335.808,1228.03,0.013,2
1665199029,14292480,True,3986834,102335.82,4079.96,0.013,2
1665199096,14292481,True,977,102335.82,1.0,0.013,0
1665199129,14292482,True,977,102335.82,1.0,0.013,0
1665199153,14292483,True,977,102335.82,1.0,0.013,0
1665199158,14292484,False,364000,102335.808,372.5,0.013,2
1665199158,14292485,False,936000,102296.835,957.5,0.012,2
1665199177,14292486,False,488770,102296.835,500.0,0.012,2
1665199198,14292487,True,4162,102335.82,4.26,0.013,0
1665199200,14292488,True,977,102335.82,1.0,0.013,0
1665199209,14292489,False,5450807,102296.835,5576.0,0.012,2
1665199233,14292490,True,977,102319.83,1.0,0.012,0
1665199260,14292491,True,977,102319.83,1.0,0.012,0
1665199299,14292492,True,977,102319.83,1.0,0.012,0
1665199313,14292493,True,457593,102319.83,468.21,0.012,2
1665199495,14292494,False,15100,102296.835,15.45,0.012,0
1665199596,14292495,False,653900,102296.835,668.92,0.012,2
1665199596,14292496,False,1116000,102296.781,1141.63,0.012,2
1665199596,14292497,False,699000,102295.356,715.04,0.012,2
1665199596,14292498,False,1141000,102295.335,1167.19,0.012,2
1665199783,14292499,True,97756,102295.158,100.0,0.012,2
1665200019,14292500,False,5315,102295.158,5.44,0.012,0
1665200072,14292501,True,279583,102295.158,286.0,0.012,2
1665200144,14292502,True,1099322,102335.74,1125.0,0.013,2
1665200212,14292503,True,2375138,102345.32,2430.84,0.013,2
1665200405,14292504,False,334820,102295.158,342.5,0.012,2
1665200585,14292505,True,976,102357.0,1.0,0.013,0
1665200897,14292506,True,68386,102359.88,70.0,0.013,0
1665201129,14292507,True,19538,102359.88,20.0,0.013,0
1665201257,14292508,True,16000,102295.17,16.37,0.012,0
1665201671,14292509,False,1172685,102295.158,1199.6,0.012,2
1665201671,14292510,False,978,102295.158,1.0,0.012,0
1665201671,14292511,False,4444,102295.158,4.55,0.012,0
1665201671,14292512,False,161893,102295.118,165.61,0.012,2
1665201740,14292513,True,190996,102295.17,195.38,0.012,2
1665202100,14292514,True,109975,102295.13,112.5,0.012,2
1665202335,14292515,True,977,102295.129,1.0,0.012,0
1665202629,14292516,True,97756,102295.128,100.0,0.012,2
1665202665,14292517,False,170159,102295.118,174.06,0.012,2
1665202667,14292518,True,33000,102295.128,33.76,0.012,0
1665202777,14292519,True,9775,102295.13,10.0,0.012,0
1665202893,14292520,True,20000000,102295.128,20459.03,0.012,1
1665202954,14292521,True,15992,102295.128,16.36,0.012,0
1665202965,14292522,True,4887,102295.128,5.0,0.012,0
1665203223,14292523,True,3499,102295.13,3.58,0.012,0
1665203598,14292524,False,374948,102295.118,383.55,0.012,2
1665203630,14292525,False,821000,102294.858,839.84,0.012,2
1665203664,14292526,True,977564,102295.06,1000.0,0.012,2
1665203712,14292527,False,857000,102294.802,876.67,0.012,2
1665203775,14292528,False,364000,102294.764,372.35,0.012,2
1665203820,14292529,False,1467000,102293.752,1500.65,0.012,2
1665203820,14292530,False,812000,102293.65,830.62,0.012,2
1665203820,14292531,False,1467000,102293.384,1500.64,0.012,2
1665204008,14292532,False,1966154,102200.0,2009.41,0.011,2
1665204558,14292533,False,1499000,102116.116,1530.72,0.01,2
1665204696,14292534,False,1563000,102115.986,1596.07,0.01,2
1665204696,14292535,False,282000,102115.01,287.96,0.01,2
1665205001,14292536,False,1298,102000.0,1.32,0.0093,0
1665205029,14292537,False,96741,102000.0,98.68,0.0093,0
1665205029,14292538,False,334852,102000.0,341.55,0.0093,2
1665205029,14292539,False,140000,102000.0,142.8,0.0093,2
1665205029,14292540,False,16715,102000.0,17.05,0.0093,0
1665205029,14292541,False,40000,102000.0,40.8,0.0093,0
1665205029,14292542,False,1448480,102000.0,1477.45,0.0093,2
1665205029,14292543,False,131519,102000.0,134.15,0.0093,2
1665205029,14292544,False,2100000,102000.0,2142.0,0.0093,2
1665205029,14292545,False,980,102000.0,1.0,0.0093,0
1665205029,14292546,False,4609272,101900.0,4696.85,0.0083,2
1665205098,14292547,True,1295,101900.01,1.32,0.0083,0
1665205170,14292548,True,2885,101900.01,2.94,0.0083,0
1665205690,14292549,True,490677,101900.01,500.0,0.0083,2
1665205800,14292550,False,1456213,101900.0,1483.88,0.0083,2
1665206153,14292551,True,15000028,101962.0,15294.33,0.0089,2
1665206277,14292552,True,19606,102006.0,20.0,0.0093,0
1665206399,14292553,True,1400000,102011.94,1428.17,0.0094,2
1665206399,14292554,True,28,102022.0,0.03,0.0095,0
1665206407,14292555,True,1500000,102022.0,1530.33,0.0095,2
1665206407,14292556,True,700,102023.0,0.71,0.0095,0
1665206621,14292557,True,176432,102022.0,180.0,0.0095,2
1665207343,14292558,True,1107421,102022.0,1129.81,0.0095,2
1665207412,14292559,True,400000,102022.0,408.09,0.0095,2
1665207412,14292560,True,1314665,102031.0,1341.37,0.0096,2
1665207588,14292561,True,240208,102099.0,245.25,0.01,2
1665207711,14292562,True,15033714,102099.0,15349.27,0.01,2
1665207734,14292563,True,97890,102155.0,100.0,0.011,2
1665207973,14292564,True,1140937,102134.29,1165.29,0.011,2
1665207992,14292565,True,816661,102140.961,834.15,0.011,2
1665208144,14292566,True,1351,102141.153,1.38,0.011,0
1665208732,14292567,True,4890,102229.0,5.0,0.012,0
1665208784,14292568,True,4401882,102229.0,4500.0,0.012,2
1665209384,14292569,True,4890,102231.0,5.0,0.012,0
1665210018,14292570,False,393055,101938.12,400.67,0.0087,2
1665210272,14292571,False,1140648,101938.442,1162.76,0.0087,2
1665210572,14292572,True,14435,102176.0,14.75,0.011,0
1665211833,14292573,True,4894,102162.946,5.0,0.011,0
1665212824,14292574,True,391082,102280.234,400.0,0.012,2
1665213230,14292575,True,250000,102274.248,255.69,0.012,2
1665213476,14292576,True,489052,102238.29,500.0,0.012,2
1665213655,14292577,True,4566,102273.57,4.67,0.012,0
1665214027,14292578,True,97769,102281.0,100.0,0.012,2
1665215686,14292579,True,2601,102234.62,2.66,0.012,0
1665215713,14292580,False,15970,102087.262,16.3,0.01,0
1665215790,14292581,True,20707,102234.62,21.17,0.012,0
1665215957,14292582,True,978,102249.2,1.0,0.012,0
1665216546,14292583,True,20000,102281.26,20.46,0.012,0
1665216644,14292584,False,1988966,102087.282,2030.48,0.01,2
1665216996,14292585,True,9781,102232.844,10.0,0.012,0
1665218112,14292586,True,972131,102146.63,993.0,0.011,2
1665218114,14292587,True,1204,102146.63,1.23,0.011,0
1665218181,14292588,True,9790,102142.052,10.0,0.011,0
1665218245,14292589,True,66103,102143.093,67.52,0.011,0
1665218453,14292590,True,2730,102174.622,2.79,0.011,0
1665218749,14292591,True,12706,102147.658,12.98,0.011,0
1665219186,14292592,True,978496,102197.652,1000.0,0.011,2
1665219218,14292593,False,49702,102087.1,50.74,0.01,0
1665219218,14292594,False,323408,102076.478,330.12,0.01,2
1665219890,14292595,True,974025,102032.327,993.82,0.0096,2
1665219903,14292596,True,979,102035.067,1.0,0.0096,0
1665220235,14292597,True,489658,102112.056,500.0,0.01,2
1665220329,14292598,True,489641,102115.513,500.0,0.01,2
1665220395,14292599,True,584426,102112.215,596.77,0.01,2
1665220622,14292600,False,6860,102076.332,7.0,0.01,0
1665220644,14292601,True,97930,102112.839,100.0,0.01,2
1665220696,14292602,True,651277,102111.652,665.03,0.01,2
1665220744,14292603,True,97932,102111.25,100.0,0.01,2
1665220913,14292604,True,979,102112.01,1.0,0.01,0
1665220937,14292605,True,48963,102116.617,50.0,0.01,0
1665221490,14292606,True,293815,102104.89,300.0,0.01,2
1665221919,14292607,False,8340,102001.802,8.51,0.0093,0
1665221936,14292608,False,2780,102001.822,2.84,0.0093,0
1665221948,14292609,True,176278,102111.315,180.0,0.01,2
1665222615,14292610,True,1370323,102165.626,1400.0,0.011,2
1665222636,14292611,True,146805,102176.198,150.0,0.011,2
1665222847,14292612,True,244665,102179.791,250.0,0.011,2
1665222999,14292613,True,4893,102176.278,5.0,0.011,0
1665223054,14292614,False,973,102024.969,0.99,0.0095,0
1665223104,14292615,False,58410,102034.466,59.6,0.0096,0
1665223225,14292616,True,97868,102177.689,100.0,0.011,2
1665223303,14292617,False,35440,102051.579,36.17,0.0098,0
1665223633,14292618,False,48278,102097.716,49.29,0.01,0
1665223690,14292619,True,950778,102176.422,971.47,0.011,2
1665223830,14292620,True,9786,102177.36,10.0,0.011,0
1665224782,14292621,True,44717,102263.629,45.73,0.012,0
1665224946,14292622,True,97787,102262.652,100.0,0.012,2
1665224987,14292623,True,8057,102262.272,8.24,0.012,0
1665225165,14292624,False,110610,102106.236,112.94,0.01,2
1665225282,14292625,True,195592,102253.15,200.0,0.012,2
1665225424,14292626,True,19571,102240.602,20.01,0.012,0
1665225578,14292627,False,19435,102106.67,19.84,0.01,0
1665225586,14292628,True,9781,102236.056,10.0,0.012,0
1665225633,14292629,True,47812,102231.915,48.88,0.012,0
1665225682,14292630,True,2592,102233.45,2.65,0.012,0
1665225831,14292631,True,1467,102203.623,1.5,0.011,0
1665225832,14292632,True,205472,102203.623,210.0,0.011,2
1665225931,14292633,True,2935,102198.166,3.0,0.011,0
1665226006,14292634,True,19557,102261.866,20.0,0.012,0
1665226118,14292635,True,6414,102261.759,6.56,0.012,0
1665226188,14292636,True,97783,102266.627,100.0,0.012,2
1665226246,14292637,True,977882,102261.823,1000.0,0.012,2
1665226392,14292638,False,335410,102113.787,342.5,0.01,2
1665226519,14292639,True,48898,102252.267,50.0,0.012,0
1665226625,14292640,False,11740,102114.01,11.99,0.01,0
1665226662,14292641,True,4890,102241.713,5.0,0.012,0
1665226694,14292642,True,26955,102241.204,27.56,0.012,0
1665226946,14292643,True,97795,102254.549,100.0,0.012,2
1665227301,14292644,False,94647,102057.886,96.59,0.0099,0
1665227350,14292645,False,463001,102057.926,472.53,0.0099,2
1665227504,14292646,True,97872,102174.098,100.0,0.011,2
1665227583,14292647,True,289507,102173.669,295.8,0.011,2
1665227737,14292648,True,438597,102177.866,448.15,0.011,2
1665227929,14292649,True,977403,102177.169,998.68,0.011,2
1665227934,14292650,False,11640,102098.629,11.88,0.01,0
1665227958,14292651,True,592000,102173.956,604.87,0.011,2
1665227958,14292652,True,1421000,102174.261,1451.9,0.011,2
1665227958,14292653,True,2083000,102174.576,2128.3,0.011,2
1665227958,14292654,True,592000,102175.202,604.88,0.011,2
1665227958,14292655,True,1516000,102175.436,1548.98,0.011,2
1665227958,14292656,True,2127000,102175.853,2173.28,0.011,2
1665227958,14292657,True,777046,102176.606,793.96,0.011,2
1665228149,14292658,True,1799227,102190.0,1838.63,0.011,2
1665228291,14292659,True,7407769,102190.0,7570.0,0.011,2
1665228321,14292660,True,1804516,102190.0,1844.03,0.011,2
1665228491,14292661,True,553000,102240.515,565.39,0.012,2
1665228491,14292662,True,1251516,102241.714,1279.57,0.012,2
1665228594,14292663,True,8166,102241.714,8.35,0.012,0
1665228661,14292664,True,1280318,102241.714,1309.02,0.012,2
1665228661,14292665,True,524198,102241.714,535.95,0.012,2
1665228914,14292666,True,48903,102241.714,50.0,0.012,0
1665228998,14292667,True,97807,102241.714,100.0,0.012,2
1665229121,14292668,False,565660,102176.63,577.97,0.011,2
1665229144,14292669,True,98000,102241.714,100.2,0.012,2
1665229210,14292670,True,97807,102241.714,100.0,0.012,2
1665229273,14292671,True,434584,102241.714,444.33,0.012,2
1665229344,14292672,True,1000,102241.714,1.02,0.012,0
1665229425,14292673,False,1000,102199.99,1.02,0.011,0
1665229425,14292674,False,135130,102183.263,138.08,0.011,2
1665229450,14292675,False,194860,102183.263,199.11,0.011,2
1665229458,14292676,True,98000,102241.714,100.2,0.012,2
1665229497,14292677,True,22006,102241.714,22.5,0.012,0
1665229612,14292678,True,3491,102241.714,3.57,0.012,0
1665229655,14292679,True,1000,102241.714,1.02,0.012,0
1665229850,14292680,True,1358000,102327.481,1389.61,0.013,2
1665229850,14292681,True,108534,102328.207,111.06,0.013,2
1665229953,14292682,True,97795,102325.921,100.07,0.013,2
1665229963,14292683,True,97726,102325.921,100.0,0.013,2
1665230361,14292684,False,35690,102225.903,36.48,0.012,0
1665230362,14292685,True,281154,102325.92,287.69,0.013,2
1665230362,14292686,True,1613479,102325.921,1651.01,0.013,2
1665230362,14292687,True,456465,102328.207,467.09,0.013,2
1665230362,14292688,True,1108000,102328.702,1133.8,0.013,2
1665230362,14292689,True,1275000,102329.017,1304.69,0.013,2
1665230362,14292690,True,1344000,102329.156,1375.3,0.013,2
1665230362,14292691,True,1051000,102329.314,1075.48,0.013,2
1665230362,14292692,True,560000,102329.772,573.05,0.013,2
1665230362,14292693,True,1885999,102329.784,1929.94,0.013,2
1665230362,14292694,True,1131000,102330.384,1157.36,0.013,2
1665230362,14292695,True,1039000,102330.889,1063.22,0.013,2
1665230362,14292696,True,1751000,102331.035,1791.82,0.013,2
1665230362,14292697,True,18010000,102373.0,18437.38,0.013,2
1665230362,14292698,True,2425000,102395.715,2483.1,0.013,2
1665230362,14292699,True,2252000,102396.722,2305.97,0.013,2
1665230362,14292700,True,3277422,102455.83,3357.91,0.014,2
1665230364,14292701,False,390410,102228.315,399.11,0.012,2
1665230388,14292702,False,248670,102232.432,254.22,0.012,2
1665230509,14292703,False,282296,102232.564,288.6,0.012,2
1665230529,14292704,True,1000,102400.0,1.02,0.013,0
1665230529,14292705,True,18529,102409.0,18.98,0.013,0
1665230531,14292706,True,229967,102409.0,235.51,0.013,2
1665230531,14292707,True,259247,102409.0,265.49,0.013,2
1665230649,14292708,True,4883193,102392.0,5000.0,0.013,2
1665230658,14292709,False,24659,102238.011,25.21,0.012,0
1665230842,14292710,True,4349013,102409.0,4453.78,0.013,2
1665230982,14292711,True,61000,102393.0,62.46,0.013,0
1665231218,14292712,True,34190,102366.44,35.0,0.013,0
1665231333,14292713,True,978014,102247.97,1000.0,0.012,2
1665231373,14292714,True,244503,102247.97,250.0,0.012,2
1665231419,14292715,False,102699,102230.0,104.99,0.012,2
1665231483,14292716,True,97801,102247.97,100.0,0.012,2
1665231499,14292717,False,14510,102230.0,14.83,0.012,0
1665231535,14292718,False,19470,102230.0,19.9,0.012,0
1665231548,14292719,True,1955,102273.45,2.0,0.012,0
1665231552,14292720,True,2933,102273.45,3.0,0.012,0
1665231567,14292721,True,15653,102273.448,16.01,0.012,0
1665231658,14292722,True,488776,102273.434,499.89,0.012,2
1665231825,14292723,True,1000,102302.0,1.02,0.012,0
1665231921,14292724,False,787610,102230.0,805.17,0.012,2
1665232045,14292725,True,1955,102289.285,2.0,0.012,0
1665232154,14292726,True,25000000,102289.29,25572.32,0.012,1
1665232154,14292727,True,33479207,102327.983,34258.6,0.013,1
1665232195,14292728,True,904646,102286.25,925.33,0.012,2
1665232198,14292729,True,29325,102327.96,30.01,0.013,0
1665232282,14292730,True,24431,102328.0,25.0,0.013,0
1665232421,14292731,True,19740443,102327.994,20200.0,0.013,1
1665232487,14292732,True,9774708,102324.428,10001.91,0.012,2
1665232622,14292733,True,146634,102295.26,150.0,0.012,2
1665232762,14292734,True,7537,102295.25,7.71,0.012,0
1665232927,14292735,True,30840,102299.03,31.55,0.012,0
1665232937,14292736,True,52248,102299.03,53.45,0.012,0
1665233069,14292737,True,5044,102299.03,5.16,0.012,0
1665233109,14292738,True,7329,102328.0,7.5,0.013,0
1665233303,14292739,False,359350,102250.0,367.44,0.012,2
1665233317,14292740,False,8579,102250.0,8.77,0.012,0
1665233398,14292741,False,36322,102250.0,37.14,0.012,0
1665233463,14292742,False,29199,102250.0,29.86,0.012,0
1665233466,14292743,False,7634,102250.0,7.81,0.012,0
1665233502,14292744,True,2208,102324.65,2.26,0.012,0
1665233537,14292745,False,5009,102250.0,5.12,0.012,0
1665233668,14292746,True,16897,102324.65,17.29,0.012,0
1665233738,14292747,False,1790000,102260.0,1830.45,0.012,2
1665233738,14292748,False,61470,102260.0,62.86,0.012,0
1665233738,14292749,False,773815,102230.0,791.07,0.012,2
1665233756,14292750,True,244320,102324.65,250.0,0.012,2
1665233786,14292751,True,97638,102324.65,99.91,0.012,0
1665233786,14292752,True,586308,102350.943,600.09,0.013,2
1665233811,14292753,False,37880,102230.0,38.72,0.012,0
1665234039,14292754,True,97708,102345.23,100.0,0.013,2
1665234120,14292755,False,24879,102230.0,25.43,0.012,0
1665234219,14292756,True,2931258,102345.108,3000.0,0.013,2
1665234246,14292757,True,126659,102345.081,129.63,0.013,2
1665234319,14292758,True,97757,102293.609,100.0,0.012,2
1665234447,14292759,True,27455,102293.537,28.09,0.012,0
1665234452,14292760,True,977578,102293.537,1000.0,0.012,2
1665234462,14292761,True,977578,102293.537,1000.0,0.012,2
1665234556,14292762,False,83170,102230.0,85.02,0.012,0
1665234697,14292763,True,4890,102238.54,5.0,0.012,0
1665234742,14292764,True,366810,102232.64,375.0,0.012,2
1665234789,14292765,True,24424,102232.64,24.97,0.012,0
1665234825,14292766,False,1000,102230.01,1.02,0.012,0
1665234825,14292767,False,4121310,102230.0,4213.22,0.012,2
1665234881,14292768,True,2934483,102232.628,3000.0,0.012,2
1665234883,14292769,False,2174,102230.0,2.22,0.012,0
1665234883,14292770,False,1000,102230.0,1.02,0.012,0
1665234883,14292771,False,1000,102229.99,1.02,0.012,0
1665234883,14292772,False,12693,102225.752,12.98,0.012,0
1665235027,14292773,False,950307,102225.752,971.46,0.012,2
1665235027,14292774,False,810999,102220.01,829.0,0.011,2
1665235027,14292775,False,942000,102216.395,962.88,0.011,2
1665235027,14292776,False,1665000,102216.039,1701.9,0.011,2
1665235027,14292777,False,437556,102212.568,447.24,0.011,2
1665235081,14292778,True,28082,102232.626,28.71,0.012,0
1665235132,14292779,False,31789,102212.568,32.49,0.011,0
1665235188,14292780,True,202498,102232.624,207.02,0.012,2
1665235218,14292781,False,723987,102212.568,740.01,0.011,2
1665235295,14292782,False,20000,102212.568,20.44,0.011,0
1665235394,14292783,True,122270,102232.621,125.0,0.012,2
1665235514,14292784,True,3864,102212.579,3.95,0.011,0
1665235811,14292785,True,136952,102225.299,140.0,0.012,2
1665235907,14292786,True,3522,102212.58,3.6,0.011,0
1665235948,14292787,False,867653,102212.568,886.85,0.011,2
1665235948,14292788,False,1351000,102211.078,1380.87,0.011,2
1665236005,14292789,False,11701,102210.0,11.96,0.011,0
1665236039,14292790,True,547402,102209.98,559.5,0.011,2
1665236191,14292791,True,48923,102200.019,50.0,0.011,0
1665236239,14292792,False,1000,102200.01,1.02,0.011,0
1665236239,14292793,False,776,102200.0,0.79,0.011,0
1665236340,14292794,True,9726,102200.018,9.94,0.011,0
1665236377,14292795,True,24491,102200.01,25.03,0.011,0
1665236491,14292796,True,90000,102200.009,91.98,0.011,0
1665236546,14292797,True,97847,102200.009,100.0,0.011,2
1665236630,14292798,True,107632,102200.009,110.0,0.011,2
1665236664,14292799,True,9784,102200.009,10.0,0.011,0
1665236704,14292800,True,4892,102200.008,5.0,0.011,0
1665236757,14292801,True,4892367,102200.007,5000.0,0.011,2
1665236851,14292802,False,10936,102200.0,11.18,0.011,0
1665236851,14292803,False,1000,102200.0,1.02,0.011,0
1665236851,14292804,False,88064,102200.0,90.0,0.011,0
1665236864,14292805,True,10724,102200.006,10.96,0.011,0
1665236981,14292806,True,9784,102200.006,10.0,0.011,0
1665237093,14292807,True,978,102200.004,1.0,0.011,0
1665237245,14292808,True,29138,102200.003,29.78,0.011,0
1665237262,14292809,True,244618,102200.003,250.0,0.011,2
1665237332,14292810,False,241680,102200.0,247.0,0.011,2
1665237335,14292811,True,978,102200.003,1.0,0.011,0
1665237499,14292812,True,114902,102200.002,117.43,0.011,2
1665237591,14292813,True,1350,102200.01,1.38,0.011,0
1665237612,14292814,True,978,102200.002,1.0,0.011,0
1665237673,14292815,True,48923,102200.002,50.0,0.011,0
1665237707,14292816,True,63139,102200.002,64.53,0.011,0
1665237765,14292817,True,978473,102200.002,1000.0,0.011,2
1665237773,14292818,True,15657,102200.002,16.0,0.011,0
1665237828,14292819,False,206688,102200.0,211.24,0.011,2
1665237855,14292820,True,34941,102200.001,35.71,0.011,0
1665237939,14292821,True,1956,102200.001,2.0,0.011,0
1665238120,14292822,True,19569,102200.0,20.0,0.011,0
1665238148,14292823,False,685776,102200.0,700.86,0.011,2
1665238196,14292824,True,3219,102200.01,3.29,0.011,0
1665238222,14292825,True,19569,102200.01,20.0,0.011,0
1665238284,14292826,True,97847,102200.009,100.0,0.011,2
1665238298,14292827,False,2910,102200.0,2.97,0.011,0
1665238329,14292828,True,2886,102200.009,2.95,0.011,0
1665238439,14292829,False,3874882,102200.0,3960.13,0.011,2
1665238439,14292830,False,10000,102200.0,10.22,0.011,0
1665238439,14292831,False,1500000,102200.0,1533.0,0.011,2
1665238439,14292832,False,1000,102199.99,1.02,0.011,0
1665238458,14292833,False,8868,102069.33,9.05,0.01,0
1665238497,14292834,False,483649,102069.33,493.66,0.01,2
1665238561,14292835,False,24490,102069.33,25.0,0.01,0
1665238589,14292836,False,97971,102069.33,100.0,0.01,2
1665238714,14292837,True,9797,102069.338,10.0,0.01,0
1665238872,14292838,False,204271,102069.33,208.5,0.01,2
1665238877,14292839,True,612328,102069.336,625.0,0.01,2
1665238890,14292840,True,97913,102131.0,100.0,0.011,2
1665238935,14292841,True,4898,102069.336,5.0,0.01,0
1665239116,14292842,True,88087,102069.333,89.91,0.01,0
1665239170,14292843,False,59999,102069.33,61.24,0.01,0
1665239189,14292844,False,3002,102069.33,3.06,0.01,0
1665239212,14292845,True,2029999,102069.332,2072.01,0.01,2
1665239212,14292846,True,4828083,102069.332,4927.99,0.01,2
1665239264,14292847,True,195945,102069.34,200.0,0.01,2
1665239307,14292848,True,489863,102069.34,500.0,0.01,2
1665239376,14292849,False,634755,102069.33,647.89,0.01,2
1665239400,14292850,False,8483,102063.77,8.66,0.0099,0
1665239437,14292851,False,50000,102009.36,51.0,0.0094,0
1665239437,14292852,False,9813,102000.0,10.01,0.0093,0
1665239437,14292853,False,2000,102000.0,2.04,0.0093,0
1665239437,14292854,False,2000000,101990.0,2039.8,0.0092,2
1665239543,14292855,True,9809,101938.45,10.0,0.0087,0
1665239581,14292856,True,1177,101938.45,1.2,0.0087,0
1665239644,14292857,True,490492,101938.45,500.0,0.0087,2
1665239644,14292858,True,107908,101938.45,110.0,0.0087,2
1665239760,14292859,True,2256263,101938.45,2300.0,0.0087,2
1665239823,14292860,True,3275,101955.84,3.34,0.0088,0
1665239847,14292861,True,1961633,101955.84,2000.0,0.0088,2
1665240001,14292862,True,512208,101957.0,522.23,0.0089,2
1665240001,14292863,True,4413619,102019.86,4502.77,0.0095,2
1665240001,14292864,True,1176,102019.86,1.2,0.0095,0
1665240062,14292865,True,8628,101984.06,8.8,0.0091,0
1665240064,14292866,True,24991372,101984.06,25487.22,0.0091,1
1665240064,14292867,True,1969999,102116.0,2011.69,0.01,2
1665240064,14292868,True,2449272,102116.0,2501.1,0.01,2
1665240068,14292869,True,49030,101977.0,50.0,0.0091,0
1665240119,14292870,True,58836,101977.0,60.0,0.0091,0
1665240218,14292871,False,16180,101940.01,16.49,0.0087,0
1665240283,14292872,True,14703,102014.18,15.0,0.0094,0
1665240432,14292873,True,78383,102061.94,80.0,0.0099,0
1665240783,14292874,False,66560,101940.607,67.85,0.0087,0
1665240803,14292875,True,116000,102032.19,118.36,0.0096,2
1665240854,14292876,True,101887,101955.31,103.88,0.0088,2
1665240941,14292877,True,6669588,101955.31,6800.0,0.0088,2
1665240950,14292878,False,236740,101940.627,241.33,0.0087,2
1665241009,14292879,True,490395,101958.55,500.0,0.0089,2
1665241024,14292880,True,3923162,101958.55,4000.0,0.0089,2
1665241079,14292881,True,98024,102015.83,100.0,0.0094,2
1665241157,14292882,True,908084,102015.83,926.39,0.0094,2
1665241319,14292883,True,73501,102038.3,75.0,0.0097,0
1665241386,14292884,True,8087,102008.44,8.25,0.0094,0
1665241497,14292885,True,1176373,102008.44,1200.0,0.0094,2
1665241548,14292886,True,4127,101996.76,4.21,0.0092,0
1665241916,14292887,False,1629999,101941.914,1661.65,0.0087,2
1665241916,14292888,False,14228890,101941.914,14505.2,0.0087,2
1665242054,14292889,False,2272290,101941.914,2316.42,0.0087,2
1665242209,14292890,True,9809,101941.92,10.0,0.0087,0
1665242211,14292891,True,49047,101941.92,50.0,0.0087,0
1665242226,14292892,True,109414,101941.92,111.54,0.0087,2
1665242235,14292893,True,13000000,101941.92,13252.45,0.0087,2
1665242248,14292894,True,97909,102135.355,100.0,0.011,2
1665242263,14292895,True,219999,101941.68,224.27,0.0087,2
1665242315,14292896,True,768674,101941.68,783.6,0.0087,2
1665242444,14292897,True,24522,101941.68,25.0,0.0087,0
1665242488,14292898,True,9792,102121.999,10.0,0.01,0
1665242530,14292899,False,281415,101941.67,286.88,0.0087,2
1665242530,14292900,False,317455,101941.62,323.62,0.0087,2
1665242653,14292901,True,297444,101941.68,303.22,0.0087,2
1665242774,14292902,True,51696,101941.63,52.7,0.0087,0
1665242987,14292903,True,78476,101941.63,80.0,0.0087,0
1665243025,14292904,True,492409,101941.63,501.97,0.0087,2
1665243130,14292905,False,9752,101941.62,9.94,0.0087,0
1665243185,14292906,False,7776,101941.62,7.93,0.0087,0
1665243196,14292907,True,9381,102119.75,9.58,0.01,0
1665243203,14292908,False,979,101941.62,1.0,0.0087,0
1665243259,14292909,True,9682,101941.63,9.87,0.0087,0
1665243290,14292910,True,1030138,101941.63,1050.14,0.0087,2
1665243353,14292911,True,979,101941.63,1.0,0.0087,0
1665243440,14292912,True,1961,101941.63,2.0,0.0087,0
1665243517,14292913,False,1460,101941.62,1.49,0.0087,0
1665243606,14292914,True,1961,101941.63,2.0,0.0087,0
1665243614,14292915,True,55913,101941.63,57.0,0.0087,0
1665243625,14292916,True,98095,101941.63,100.0,0.0087,2
1665243805,14292917,True,147143,101941.63,150.0,0.0087,2
1665243828,14292918,True,100000,101941.63,101.94,0.0087,2
1665243858,14292919,True,98095,101941.63,100.0,0.0087,2
1665243949,14292920,True,98090,101947.09,100.0,0.0088,2
1665244000,14292921,True,14713,101947.09,15.0,0.0088,0
1665244084,14292922,False,1236,101947.09,1.26,0.0088,0
1665244158,14292923,True,980832,101954.16,1000.0,0.0088,2
1665244199,14292924,True,6894,101954.16,7.03,0.0088,0
1665244310,14292925,False,32071,101954.16,32.7,0.0088,0
1665244380,14292926,True,1471156,101960.6,1500.0,0.0089,2
1665244414,14292927,True,49038,101960.61,50.0,0.0089,0
1665244444,14292928,False,3820317,101941.63,3894.49,0.0087,2
1665244479,14292929,True,98077,101960.61,100.0,0.0089,2
1665244518,14292930,False,110710,101960.61,112.88,0.0089,2
1665244537,14292931,True,392308,101960.61,400.0,0.0089,2
1665244631,14292932,True,1471,101965.96,1.5,0.0089,0
1665245033,14292933,True,490434,101950.45,500.0,0.0088,2
1665245037,14292934,True,5697825,101950.45,5808.96,0.0088,2
1665245037,14292935,True,4110860,101950.45,4191.04,0.0088,2
1665245145,14292936,True,267005,101941.64,272.19,0.0087,2
1665245284,14292937,False,77701,101941.63,79.21,0.0087,0
1665245284,14292938,False,7618,101941.62,7.77,0.0087,0
1665245530,14292939,True,274644,101949.82,280.0,0.0088,2
1665245555,14292940,True,180819,101949.82,184.34,0.0088,2
1665245915,14292941,True,193866,101967.33,197.68,0.009,2
1665245965,14292942,True,979,101967.33,1.0,0.009,0
1665246073,14292943,True,294211,101967.33,300.0,0.009,2
1665246084,14292944,False,44710,101941.62,45.58,0.0087,0
1665246190,14292945,False,30741,101941.62,31.34,0.0087,0
1665246315,14292946,True,35814,101941.63,36.51,0.0087,0
1665246348,14292947,True,31262,101941.63,31.87,0.0087,0
1665246692,14292948,True,4529970,101960.27,4618.77,0.0089,2
1665246743,14292949,True,196172,101950.89,200.0,0.0088,2
1665246786,14292950,True,9735,101950.89,9.92,0.0088,0
1665246788,14292951,True,24794093,101950.89,25277.8,0.0088,1
1665246831,14292952,True,29423,101954.4,30.0,0.0088,0
1665246850,14292953,True,98083,101954.4,100.0,0.0088,2
1665246885,14292954,True,59212,101954.4,60.37,0.0088,0
1665246970,14292955,True,183389,101968.63,187.0,0.009,2
1665247017,14292956,True,2455931,102026.46,2505.7,0.0095,2
1665247025,14292957,True,3268,102173.741,3.34,0.011,0
1665247306,14292958,True,575665,102059.24,587.52,0.0099,2
1665247372,14292959,True,19772,102059.24,20.18,0.0099,0
1665247409,14292960,True,489911,102059.24,500.0,0.0099,2
1665247518,14292961,True,36798,102068.79,37.56,0.01,0
1665247605,14292962,True,293919,102068.79,300.0,0.01,2
1665247617,14292963,False,186700,102059.24,190.54,0.0099,2
1665247671,14292964,True,1508,102075.17,1.54,0.01,0
1665247729,14292965,True,149889,102075.17,153.0,0.01,2
1665247771,14292966,True,24848603,102075.17,25364.25,0.01,1
1665247771,14292967,True,1940000,102198.0,1982.64,0.011,2
1665247771,14292968,True,45813962,102198.0,46820.95,0.011,1
1665247771,14292969,True,436000,102251.203,445.82,0.012,2
1665247771,14292970,True,30603629,102252.378,31292.94,0.012,1
1665247771,14292971,True,1912000,102269.126,1955.39,0.012,2
1665247771,14292972,True,1973000,102270.426,2017.8,0.012,2
1665247771,14292973,True,863000,102278.133,882.66,0.012,2
1665247771,14292974,True,1093000,102279.049,1117.91,0.012,2
1665247771,14292975,True,1550000,102279.322,1585.33,0.012,2
1665247771,14292976,True,892000,102279.42,912.33,0.012,2
1665247771,14292977,True,1455000,102279.693,1488.17,0.012,2
1665247771,14292978,True,1059000,102280.429,1083.15,0.012,2
1665247771,14292979,True,1093000,102280.783,1117.93,0.012,2
1665247771,14292980,True,1439000,102281.009,1471.82,0.012,2
1665247771,14292981,True,1830000,102281.226,1871.75,0.012,2
1665247771,14292982,True,1850999,102282.901,1893.26,0.012,2
1665247771,14292983,True,464999,102282.913,475.62,0.012,2
1665247771,14292984,True,4581444,102284.0,4686.08,0.012,2
1665247842,14292985,True,43665,102095.04,44.58,0.01,0
1665247870,14292986,True,3917918,102095.04,4000.0,0.01,2
1665247932,14292987,False,9766,102113.34,9.97,0.01,0
1665247952,14292988,True,4504798,102113.34,4600.0,0.01,2
1665247965,14292989,True,92912,102136.17,94.9,0.011,0
1665247990,14292990,True,146862,102136.17,150.0,0.011,2
1665248033,14292991,True,195817,102136.17,200.0,0.011,2
1665248074,14292992,True,48954,102136.17,50.0,0.011,0
1665248075,14292993,False,37930,102136.17,38.74,0.011,0
1665248128,14292994,True,29372,102136.17,30.0,0.011,0
1665248135,14292995,False,13130,102136.17,13.41,0.011,0
1665248184,14292996,True,15906,102159.14,16.25,0.011,0
1665248725,14292997,False,25238,102144.33,25.78,0.011,0
1665248744,14292998,True,489911,102059.25,500.0,0.0099,2
1665248819,14292999,False,147435,102059.25,150.47,0.0099,2
1665248853,14293000,False,979,102059.24,1.0,0.0099,0
1665248853,14293001,False,39020,102047.424,39.82,0.0097,0
1665248853,14293002,True,983213,102059.25,1003.46,0.0099,2
1665248865,14293003,False,979,102049.15,1.0,0.0098,0
1665249002,14293004,True,9800,102034.89,10.0,0.0096,0
1665249170,14293005,True,2691,102177.569,2.75,0.011,0
1665249225,14293006,False,50700,101950.92,51.69,0.0088,0
1665249282,14293007,True,49043,101950.92,50.0,0.0088,0
1665249309,14293008,True,7003,101950.92,7.14,0.0088,0
1665249329,14293009,False,528000,101950.917,538.3,0.0088,2
1665249359,14293010,True,7630,101955.72,7.78,0.0088,0
1665249387,14293011,False,14360,101955.718,14.64,0.0088,0
1665249420,14293012,False,125030,101958.592,127.48,0.0089,2
1665249485,14293013,True,6473,101961.73,6.6,0.0089,0
1665249566,14293014,True,196142,101966.78,200.0,0.0089,2
1665249589,14293015,True,98071,101966.78,100.0,0.0089,2
1665249675,14293016,True,368236,101977.93,375.52,0.0091,2
1665249675,14293017,True,294181,101977.93,300.0,0.0091,2
1665249687,14293018,False,33180,101979.712,33.84,0.0091,0
1665249698,14293019,True,489448,102155.484,500.0,0.011,2
1665249719,14293020,False,1276555,101987.44,1301.93,0.0092,2
1665249848,14293021,False,17450,101992.05,17.8,0.0092,0
1665249994,14293022,True,49019,101999.59,50.0,0.0093,0
1665250047,14293023,True,183912,101999.59,187.59,0.0093,2
1665250156,14293024,True,979,101999.59,1.0,0.0093,0
1665250180,14293025,False,12960,101999.59,13.22,0.0093,0
1665250210,14293026,True,8519,101999.59,8.69,0.0093,0
1665250343,14293027,True,196111,101982.13,200.0,0.0091,2
1665250396,14293028,False,3150,101960.696,3.21,0.0089,0
1665250473,14293029,True,147113,101962.21,150.0,0.0089,2
1665250644,14293030,True,147113,101962.21,150.0,0.0089,2
1665250691,14293031,True,1137,101962.21,1.16,0.0089,0
1665250748,14293032,False,4330,101966.94,4.42,0.009,0
1665250836,14293033,True,12258,101966.94,12.5,0.009,0
1665250927,14293034,False,1540000,101972.01,1570.37,0.009,2
1665250927,14293035,False,2029000,101972.01,2069.01,0.009,2
1665250927,14293036,False,1044990,101972.01,1065.6,0.009,2
1665251189,14293037,True,12041,101979.81,12.28,0.0091,0
1665251239,14293038,False,99908,101967.292,101.87,0.009,2
1665251309,14293039,True,25000000,101979.85,25494.96,0.0091,1
1665251309,14293040,True,10943601,102142.464,11178.06,0.011,2
1665251309,14293041,True,2420000,102159.305,2472.26,0.011,2
1665251309,14293042,True,888000,102176.492,907.33,0.011,2
1665251309,14293043,True,732000,102177.389,747.94,0.011,2
1665251309,14293044,True,351000,102177.641,358.64,0.011,2
1665251309,14293045,True,851000,102177.867,869.53,0.011,2
1665251309,14293046,True,687000,102178.069,701.96,0.011,2
1665251309,14293047,True,1170000,102178.462,1195.49,0.011,2
1665251309,14293048,True,12275000,102178.614,12542.42,0.011,2
1665251309,14293049,True,4931346,102179.581,5038.83,0.011,2
1665251385,14293050,True,5569,101981.64,5.68,0.0091,0
1665251405,14293051,True,10472,101981.64,10.68,0.0091,0
1665251409,14293052,False,99909,101981.627,101.89,0.0091,2
1665251436,14293053,True,76434,101981.64,77.95,0.0091,0
1665251535,14293054,True,490254,101987.75,500.0,0.0092,2
1665251628,14293055,False,50233,101981.62,51.23,0.0091,0
1665251632,14293056,True,147076,101987.75,150.0,0.0092,2
1665251704,14293057,False,1984000,101987.75,2023.44,0.0092,2
1665251704,14293058,False,665070,101987.75,678.29,0.0092,2
1665251796,14293059,True,1959,101997.24,2.0,0.0093,0
1665251838,14293060,False,7353140,101997.24,7500.0,0.0093,2
1665251930,14293061,True,17157,101997.24,17.5,0.0093,0
1665251941,14293062,False,2020,101997.24,2.06,0.0093,0
1665252038,14293063,True,12727480,101997.24,12981.68,0.0093,2
1665252076,14293064,True,97849,102003.42,99.81,0.0093,0
1665252168,14293065,True,6862524,102003.42,7000.01,0.0093,2
1665252225,14293066,False,179260,101981.63,182.81,0.0091,2
1665252261,14293067,True,1000,101981.63,1.02,0.0091,0
1665252316,14293068,True,1000,101981.63,1.02,0.0091,0
1665252350,14293069,False,24250,101989.27,24.73,0.0092,0
1665252356,14293070,True,1000,101989.27,1.02,0.0092,0
1665252364,14293071,False,18394,101989.27,18.76,0.0092,0
1665252391,14293072,True,1000,101989.27,1.02,0.0092,0
1665252398,14293073,True,1000,101989.27,1.02,0.0092,0
1665252440,14293074,True,1000,101989.27,1.02,0.0092,0
1665252445,14293075,True,1000,101989.27,1.02,0.0092,0
1665252470,14293076,True,775365,101989.27,790.79,0.0092,2
1665252525,14293077,True,61565,101989.27,62.79,0.0092,0
1665252543,14293078,True,196099,101989.27,200.0,0.0092,2
1665252589,14293079,True,73401,102178.15,75.0,0.011,0
1665252754,14293080,True,18500,101997.45,18.87,0.0093,0
1665252836,14293081,True,979,101997.45,1.0,0.0093,0
1665252889,14293082,True,489325,102181.496,500.0,0.011,2
1665252928,14293083,False,92930,102010.14,94.8,0.0094,0
1665253045,14293084,True,58814,102013.6,60.0,0.0094,0
1665253092,14293085,True,294078,102013.6,300.0,0.0094,2
1665253151,14293086,True,9786,102181.496,10.0,0.011,0
1665253202,14293087,True,19603,102023.87,20.0,0.0095,0
1665253397,14293088,True,185694,102029.76,189.46,0.0096,2
1665253551,14293089,True,195998,102041.85,200.0,0.0097,2
1665253564,14293090,False,291992,102041.85,297.95,0.0097,2
1665253686,14293091,False,9000,102001.854,9.18,0.0093,0
1665253776,14293092,True,272914,102009.99,278.4,0.0094,2
1665253792,14293093,True,1959,102009.99,2.0,0.0094,0
1665253891,14293094,False,16584,102009.99,16.92,0.0094,0
1665253944,14293095,True,980296,102009.99,1000.0,0.0094,2
1665254168,14293096,False,184395,102022.436,188.12,0.0095,2
1665254192,14293097,True,25768,102022.45,26.29,0.0095,0
1665254195,14293098,True,240082,102188.901,245.34,0.011,2
1665254392,14293099,False,444035,102029.88,453.05,0.0096,2
1665254467,14293100,False,16570,102035.98,16.91,0.0096,0
1665254505,14293101,True,11201,102035.98,11.43,0.0096,0
1665254519,14293102,False,4648,102018.736,4.74,0.0095,0
1665254662,14293103,False,93790,102021.37,95.69,0.0095,0
1665254702,14293104,True,8781,102037.15,8.96,0.0096,0
1665254864,14293105,False,265136,102000.0,270.44,0.0093,2
1665254869,14293106,True,147058,102000.01,150.0,0.0093,2
1665254904,14293107,True,30065487,102000.01,30666.8,0.0093,1
1665254921,14293108,True,208794,102000.01,212.97,0.0093,2
1665255067,14293109,False,1860,102000.0,1.9,0.0093,0
1665255182,14293110,True,42068,102000.01,42.91,0.0093,0
1665255214,14293111,True,9803,102000.01,10.0,0.0093,0
1665255291,14293112,True,11058,102000.01,11.28,0.0093,0
1665255558,14293113,True,5155950,102000.01,5259.07,0.0093,2
1665255595,14293114,True,4833,102000.02,4.93,0.0093,0
1665255766,14293115,False,7250,102000.0,7.4,0.0093,0
1665255798,14293116,True,29999,102000.01,30.6,0.0093,0
1665255802,14293117,True,2098,102000.01,2.14,0.0093,0
1665255927,14293118,True,49019,102000.01,50.0,0.0093,0
1665256154,14293119,True,98039,102000.01,100.0,0.0093,2
1665256163,14293120,True,7195,102000.01,7.34,0.0093,0
1665256301,14293121,False,52260,102000.0,53.31,0.0093,0
1665256363,14293122,False,653894,102000.0,666.97,0.0093,2
1665256363,14293123,False,19617,102000.0,20.01,0.0093,0
1665256402,14293124,True,17529,102000.0,17.88,0.0093,0
1665256450,14293125,False,17407,101950.89,17.75,0.0088,0
1665256519,14293126,True,50000,101950.9,50.98,0.0088,0
1665256638,14293127,False,395521,101950.89,403.24,0.0088,2
1665256692,14293128,True,1677366,101950.9,1710.09,0.0088,2
1665256701,14293129,True,125030,101950.9,127.47,0.0088,2
1665256792,14293130,True,1961728,101950.9,2000.0,0.0088,2
1665256869,14293131,True,1961,101950.9,2.0,0.0088,0
1665257086,14293132,True,98086,101950.9,100.0,0.0088,2
1665257326,14293133,True,100000,101950.9,101.95,0.0088,2
1665257393,14293134,True,38408,101950.9,39.16,0.0088,0
1665257430,14293135,True,1834,101950.9,1.87,0.0088,0
1665257450,14293136,True,9122,101950.9,9.3,0.0088,0
1665257462,14293137,True,9131,101950.9,9.31,0.0088,0
1665257717,14293138,False,2210,101950.89,2.25,0.0088,0
1665257717,14293139,False,22650,101940.0,23.09,0.0087,0
1665257789,14293140,True,97213,101950.9,99.11,0.0088,0
1665257814,14293141,False,408710,101940.0,416.64,0.0087,2
1665257825,14293142,True,306484,101940.01,312.43,0.0087,2
1665257848,14293143,False,65218,101940.0,66.48,0.0087,0
1665257893,14293144,False,288197,101940.0,293.79,0.0087,2
1665257893,14293145,False,98098,101938.46,100.0,0.0087,2
1665257893,14293146,False,20000,101938.44,20.39,0.0087,0
1665257893,14293147,False,184705,101916.928,188.25,0.0085,2
1665257900,14293148,False,163697,101901.323,166.81,0.0083,2
1665257918,14293149,False,104570,101913.282,106.57,0.0084,2
1665257938,14293150,True,49060,101915.53,50.0,0.0084,0
1665258044,14293151,True,5000000,101903.49,5095.17,0.0083,2
1665258044,14293152,True,2752432,101903.5,2804.82,0.0083,2
1665258121,14293153,True,120077,101901.01,122.36,0.0083,2
1665258167,14293154,True,112853,101901.01,115.0,0.0083,2
1665258216,14293155,True,9450,101901.01,9.63,0.0083,0
1665258246,14293156,True,49067,101901.01,50.0,0.0083,0
1665258256,14293157,False,40000,101901.0,40.76,0.0083,0
1665258284,14293158,True,1472016,101901.01,1500.0,0.0083,2
1665258351,14293159,True,192274,101901.01,195.93,0.0083,2
1665258353,14293160,True,183089,101901.01,186.57,0.0083,2
1665258386,14293161,True,34347,101901.01,35.0,0.0083,0
1665258462,14293162,True,98134,101901.02,100.0,0.0083,2
1665258477,14293163,False,7656,101901.02,7.8,0.0083,0
1665258503,14293164,True,7605,101901.02,7.75,0.0083,0
1665258543,14293165,True,3925377,101901.02,4000.0,0.0083,2
1665258602,14293166,False,1179000,101901.03,1201.41,0.0083,2
1665258602,14293167,False,1179000,101901.03,1201.41,0.0083,2
1665258602,14293168,False,307042,101901.0,312.88,0.0083,2
1665258602,14293169,False,981,101900.0,1.0,0.0083,0
1665258602,14293170,False,198557,101900.0,202.33,0.0083,2
1665258602,14293171,False,1014479,101900.0,1033.75,0.0083,2
1665258618,14293172,True,1756,101901.03,1.79,0.0083,0
1665258619,14293173,False,311200,101900.0,317.11,0.0083,2
1665258636,14293174,False,3448,101900.0,3.51,0.0083,0
1665258638,14293175,True,1274766,101901.03,1299.0,0.0083,2
1665258700,14293176,True,19627,101900.01,20.0,0.0083,0
1665258714,14293177,False,76968,101900.0,78.43,0.0083,0
1665258815,14293178,True,1620021,101900.01,1650.8,0.0083,2
1665258815,14293179,True,16158937,101900.01,16465.96,0.0083,2
1665258863,14293180,True,14072,101900.01,14.34,0.0083,0
1665258982,14293181,True,4906,101900.01,5.0,0.0083,0
1665258997,14293182,False,15208,101900.0,15.5,0.0083,0
1665259065,14293183,True,15092,102032.053,15.4,0.0096,0
1665259090,14293184,True,1976442,101905.3,2014.1,0.0083,2
1665259104,14293185,True,100000,101905.31,101.91,0.0083,2
1665259138,14293186,False,29160,101900.0,29.71,0.0083,0
1665259147,14293187,False,2980,101900.0,3.04,0.0083,0
1665259168,14293188,False,259839,101900.0,264.78,0.0083,2
1665259234,14293189,True,29439,101905.31,30.0,0.0083,0
1665259248,14293190,True,100000,101905.31,101.91,0.0083,2
1665259278,14293191,True,24532,101905.31,25.0,0.0083,0
1665259340,14293192,True,19627,101900.01,20.0,0.0083,0
1665259370,14293193,True,2119,101900.01,2.16,0.0083,0
1665259378,14293194,True,9813,101900.01,10.0,0.0083,0
1665259423,14293195,False,87863,101900.0,89.53,0.0083,0
1665259432,14293196,True,1285,101900.01,1.31,0.0083,0
1665259799,14293197,True,9813,101900.01,10.0,0.0083,0
1665259826,14293198,False,12846,101900.01,13.09,0.0083,0
1665259846,14293199,True,686947,101900.01,700.0,0.0083,2
1665259852,14293200,False,33000,101900.0,33.63,0.0083,0
1665259867,14293201,False,508549,101900.0,518.21,0.0083,2
1665259867,14293202,False,200000,101900.0,203.8,0.0083,2
1665259906,14293203,True,1531171,101882.77,1560.0,0.0081,2
1665259930,14293204,False,250000,101882.76,254.71,0.0081,2
1665259930,14293205,False,1550000,101848.893,1578.66,0.0078,2
1665260320,14293206,False,1903,101800.01,1.94,0.0073,0
1665260387,14293207,True,98152,101882.0,100.0,0.0081,2
1665260467,14293208,False,20000,101805.4,20.36,0.0074,0
1665260488,14293209,True,2087373,101805.4,2125.06,0.0074,2
1665260490,14293210,False,6000,101805.4,6.11,0.0074,0
1665260558,14293211,False,24000,101808.64,24.43,0.0074,0
1665260583,14293212,False,104080,101808.64,105.96,0.0074,2
1665260586,14293213,False,17874,101808.64,18.2,0.0074,0
1665260649,14293214,False,27264,101813.801,27.76,0.0074,0
1665260718,14293215,False,126699,101818.064,129.0,0.0075,2
1665260782,14293216,True,21499,101818.07,21.89,0.0075,0
1665260824,14293217,True,497210,101818.07,506.25,0.0075,2
1665260829,14293218,True,9821,101818.07,10.0,0.0075,0
1665260856,14293219,True,8662,101818.07,8.82,0.0075,0
1665260864,14293220,True,1964287,101818.07,2000.0,0.0075,2
1665260878,14293221,True,1964287,101818.07,2000.0,0.0075,2
1665260889,14293222,True,31438,101818.18,32.01,0.0075,0
1665260944,14293223,False,98210,101831.54,100.01,0.0076,2
1665261066,14293224,True,100000,101831.54,101.83,0.0076,2
1665261128,14293225,True,50082,101831.54,51.0,0.0076,0
1665261408,14293226,True,294585,101837.9,300.0,0.0077,2
1665261421,14293227,True,4909,101837.9,5.0,0.0077,0
1665261479,14293228,True,49095,101841.47,50.0,0.0077,0
1665261590,14293229,True,14728,101841.47,15.0,0.0077,0
1665261660,14293230,False,2105,101841.47,2.14,0.0077,0
1665261685,14293231,True,375829,101961.0,383.2,0.0089,2
1665261694,14293232,True,7885,101957.0,8.04,0.0089,0
1665261705,14293233,True,196399,101833.11,200.0,0.0076,2
1665261932,14293234,True,150108,101833.11,152.86,0.0076,2
1665261951,14293235,True,1963902,101838.02,2000.0,0.0077,2
1665261977,14293236,True,49097,101838.03,50.0,0.0077,0
1665262138,14293237,False,214312,101814.406,218.2,0.0074,2
1665262209,14293238,True,10952,101800.01,11.15,0.0073,0
1665262298,14293239,True,111900,101800.01,113.91,0.0073,2
1665262387,14293240,True,93320,101800.01,95.0,0.0073,0
1665262444,14293241,True,23555,101800.01,23.98,0.0073,0
1665262491,14293242,True,285588,101810.96,290.76,0.0074,2
1665262507,14293243,True,17660,101810.96,17.98,0.0074,0
1665262711,14293244,True,1180383,101810.96,1201.76,0.0074,2
1665262822,14293245,True,454410,101817.46,462.67,0.0075,2
1665262825,14293246,True,1964299,101817.46,2000.0,0.0075,2
1665262857,14293247,False,5370,101817.46,5.47,0.0075,0
1665262981,14293248,True,18802,101955.0,19.17,0.0088,0
1665263155,14293249,False,242915,101829.07,247.36,0.0076,2
1665263235,14293250,True,2941,101974.0,3.0,0.009,0
1665263249,14293251,True,15112,101835.57,15.39,0.0077,0
1665263346,14293252,True,130838,101835.57,133.24,0.0077,2
1665263542,14293253,False,142080,101849.44,144.71,0.0078,2
1665263573,14293254,True,20903,101849.44,21.29,0.0078,0
1665263593,14293255,True,136564,101849.44,139.09,0.0078,2
1665263782,14293256,True,661545,101849.45,673.78,0.0078,2
1665263801,14293257,True,49092,101849.45,50.0,0.0078,0
1665263811,14293258,True,1963682,101849.45,2000.0,0.0078,2
1665263862,14293259,True,9818,101849.45,10.0,0.0078,0
1665263886,14293260,True,250390,101849.45,255.02,0.0078,2
1665263886,14293261,True,5017777,101849.45,5110.58,0.0078,2
1665263937,14293262,True,157094,101849.45,160.0,0.0078,2
1665264002,14293263,True,12763,101849.45,13.0,0.0078,0
1665264079,14293264,True,245460,101849.45,250.0,0.0078,2
1665264116,14293265,False,200000,101849.44,203.7,0.0078,2
1665264116,14293266,False,184486,101828.967,187.86,0.0076,2
1665264164,14293267,True,49092,101849.45,50.0,0.0078,0
1665264176,14293268,True,98184,101849.44,100.0,0.0078,2
1665264493,14293269,True,438943,101826.34,446.96,0.0076,2
1665264659,14293270,True,100000,101805.42,101.81,0.0074,2
1665264688,14293271,True,982265,101805.42,1000.0,0.0074,2
1665264704,14293272,True,703695,101805.42,716.4,0.0074,2
1665264854,14293273,True,200000,101800.01,203.6,0.0073,2
1665264934,14293274,True,8467,101800.01,8.62,0.0073,0
1665264997,14293275,True,10000,101800.01,10.18,0.0073,0
1665265017,14293276,True,98230,101800.01,100.0,0.0073,2
1665265022,14293277,True,3050000,101800.01,3104.9,0.0073,2
1665265099,14293278,True,245395,101880.53,250.01,0.0081,2
1665265116,14293279,False,5000,101800.0,5.09,0.0073,0
1665265116,14293280,False,983,101800.0,1.0,0.0073,0
1665265116,14293281,False,4069,101800.0,4.14,0.0073,0
1665265116,14293282,False,569948,101758.968,579.97,0.0069,2
1665265137,14293283,False,2180000,101763.373,2218.44,0.0069,2
1665265137,14293284,False,340000,101763.373,346.0,0.0069,2
1665265195,14293285,False,1990000,101739.061,2024.61,0.0067,2
1665265195,14293286,False,565000,101739.061,574.83,0.0067,2
1665265195,14293287,False,1356000,101704.773,1379.12,0.0064,2
1665265195,14293288,False,53675429,101704.377,54590.26,0.0064,1
1665265195,14293289,False,2396000,101704.377,2436.84,0.0064,2
1665265195,14293290,False,1985000,101703.988,2018.82,0.0063,2
1665265195,14293291,False,2396000,101703.669,2436.82,0.0063,2
1665265195,14293292,False,1864000,101703.21,1895.75,0.0063,2
1665265195,14293293,False,1167000,101703.149,1186.88,0.0063,2
1665265195,14293294,False,1342000,101703.028,1364.85,0.0063,2
1665265195,14293295,False,50601,101702.697,51.46,0.0063,0
1665265274,14293296,True,4916,101704.47,5.0,0.0064,0
1665265287,14293297,True,10000,101704.47,10.17,0.0064,0
1665265300,14293298,False,4833236,101700.0,4915.4,0.0063,2
1665265300,14293299,False,7000000,101700.0,7119.0,0.0063,2
1665265300,14293300,False,108161,101700.0,110.0,0.0063,2
1665265328,14293301,True,100000,101639.63,101.64,0.0057,2
1665265329,14293302,False,196300,101639.63,199.52,0.0057,2
1665265329,14293303,False,200000,101600.0,203.2,0.0053,2
1665265329,14293304,False,101000,101550.0,102.57,0.0048,2
1665265329,14293305,False,50000,101513.5,50.76,0.0045,0
1665265329,14293306,False,77399,101500.0,78.56,0.0043,0
1665265329,14293307,False,98522,101500.0,100.0,0.0043,2
1665265329,14293308,False,6580,101500.0,6.68,0.0043,0
1665265329,14293309,False,988,101500.0,1.0,0.0043,0
1665265329,14293310,False,1280788,101500.0,1300.0,0.0043,2
1665265329,14293311,False,195906,101500.0,198.85,0.0043,2
1665265329,14293312,False,1000000,101500.0,1015.0,0.0043,2
1665265329,14293313,False,105000,101500.0,106.57,0.0043,2
1665265329,14293314,False,150000,101500.0,152.25,0.0043,2
1665265329,14293315,False,28300,101487.165,28.72,0.0042,0
1665265329,14293316,False,100000,101449.36,101.45,0.0038,2
1665265329,14293317,False,967000,101417.237,980.7,0.0035,2
1665265329,14293318,False,1529000,101417.23,1550.67,0.0035,2
1665265329,14293319,False,801214,101415.918,812.56,0.0035,2
1665265359,14293320,True,34671,101408.5,35.16,0.0034,0
1665265362,14293321,False,1129737,101408.5,1145.65,0.0034,2
1665265362,14293322,False,22591180,101401.97,22907.9,0.0034,1
1665265364,14293323,True,100000,101406.782,101.41,0.0034,2
1665265374,14293324,False,354270,101400.0,359.23,0.0033,2
1665265378,14293325,True,14793,101397.789,15.0,0.0033,0
1665265379,14293326,True,459207,101397.789,465.63,0.0033,2
1665265379,14293327,True,405483,101398.198,411.15,0.0033,2
1665265398,14293328,True,1972587,101389.689,2000.0,0.0032,2
1665265434,14293329,False,100000,101369.03,101.37,0.003,2
1665265434,14293330,False,4045109,101357.21,4100.01,0.0029,2
1665265446,14293331,False,1054172,101304.64,1067.93,0.0024,2
1665265450,14293332,False,203888,101300.0,206.54,0.0024,2
1665265450,14293333,False,100000,101300.0,101.3,0.0024,2
1665265458,14293334,True,987,101296.98,1.0,0.0023,0
1665265498,14293335,True,49356,101304.65,50.0,0.0024,0
1665265585,14293336,False,10004,101263.09,10.13,0.002,0
1665265624,14293337,True,165736,101263.1,167.83,0.002,2
1665265685,14293338,True,100000,101263.09,101.26,0.002,2
1665265699,14293339,False,100000,101263.09,101.26,0.002,2
1665265699,14293340,False,211110,101263.09,213.78,0.002,2
1665265751,14293341,False,29630,101263.09,30.0,0.002,0
1665265761,14293342,False,13868006,101263.09,14043.17,0.002,2
1665265773,14293343,True,11850,101263.1,12.0,0.002,0
1665265795,14293344,True,793072,101263.1,803.09,0.002,2
1665265818,14293345,True,19750,101263.09,20.0,0.002,0
1665265841,14293346,True,150963,101263.09,152.87,0.002,2
1665265867,14293347,False,1500000,101263.09,1518.95,0.002,2
1665266009,14293348,True,29625,101263.1,30.0,0.002,0
1665266062,14293349,False,21940,101263.09,22.22,0.002,0
1665266269,14293350,True,98750,101265.0,100.0,0.002,2
1665266320,14293351,True,177751,101265.0,180.0,0.002,2
1665266335,14293352,True,7978,101265.0,8.08,0.002,0
1665266375,14293353,True,15520,101265.0,15.72,0.002,0
1665266375,14293354,True,2981862,101265.01,3019.58,0.002,2
1665266444,14293355,False,100000,101264.0,101.26,0.002,2
1665266444,14293356,False,853685,101263.09,864.47,0.002,2
1665266491,14293357,False,4161080,101263.09,4213.64,0.002,2
1665266550,14293358,False,128404,101263.09,130.03,0.002,2
1665266694,14293359,False,3665039,101263.09,3711.33,0.002,2
1665266700,14293360,False,48278,101263.09,48.89,0.002,0
1665266705,14293361,False,1430000,101263.09,1448.06,0.002,2
1665266705,14293362,False,3111424,101263.09,3150.72,0.002,2
1665266705,14293363,False,1352488,101263.09,1369.57,0.002,2
1665266705,14293364,False,988,101263.09,1.0,0.002,0
1665266722,14293365,False,25000,101250.0,25.31,0.0019,0
1665266722,14293366,False,50000,101250.0,50.62,0.0019,0
1665266724,14293367,True,19753,101248.15,20.0,0.0018,0
1665266736,14293368,True,10167,101200.0,10.29,0.0014,0
1665266794,14293369,True,37055,101200.0,37.5,0.0014,0
1665266842,14293370,True,49407,101200.0,50.0,0.0014,0
1665266847,14293371,False,1155497,101200.0,1169.36,0.0014,2
1665266899,14293372,True,50000,101200.01,50.6,0.0014,0
1665266946,14293373,True,296442,101200.01,300.0,0.0014,2
1665267186,14293374,True,76660,101200.01,77.58,0.0014,0
1665267221,14293375,True,7490,101200.01,7.58,0.0014,0
1665267236,14293376,True,2500000,101200.01,2530.0,0.0014,2
1665267250,14293377,False,13753,101200.0,13.92,0.0014,0
1665267250,14293378,False,82057,101200.0,83.04,0.0014,0
1665267271,14293379,True,2440710,101200.01,2470.0,0.0014,2
1665267411,14293380,True,100000,101200.01,101.2,0.0014,2
1665267442,14293381,True,197619,101204.82,200.0,0.0014,2
1665267460,14293382,True,1551,101204.82,1.57,0.0014,0
1665267545,14293383,True,5928,101210.1,6.0,0.0015,0
1665267732,14293384,True,2014,101216.39,2.04,0.0015,0
1665267734,14293385,True,3156603,101216.39,3195.0,0.0015,2
1665267873,14293386,True,10010,101216.4,10.13,0.0015,0
1665267893,14293387,True,49399,101216.4,50.0,0.0015,0
1665268000,14293388,False,172905,101225.5,175.02,0.0016,2
1665268078,14293389,False,360000,101218.221,364.39,0.0015,2
1665268229,14293390,False,1540000,101246.579,1559.2,0.0018,2
1665268229,14293391,False,466000,101246.579,471.81,0.0018,2
1665268229,14293392,False,143036,101246.533,144.82,0.0018,2
1665268327,14293393,True,9872182,101294.75,10000.0,0.0023,2
1665268575,14293394,True,14799,101356.07,15.0,0.0029,0
1665268766,14293395,True,1550000,101361.07,1571.1,0.003,2
1665268766,14293396,True,1212401,101361.07,1228.9,0.003,2
1665268822,14293397,False,19106,101232.849,19.34,0.0017,0
1665268973,14293398,False,30796,101277.873,31.19,0.0021,0
1665269039,14293399,True,1610000,101313.94,1631.15,0.0025,2
1665269039,14293400,True,8260314,101313.94,8368.85,0.0025,2
1665269092,14293401,False,162000,101322.19,164.14,0.0026,2
1665269115,14293402,True,4934,101322.19,5.0,0.0026,0
1665269141,14293403,True,49347,101322.19,50.0,0.0026,0
1665269153,14293404,False,30014,101322.19,30.41,0.0026,0
1665269268,14293405,True,986918,101325.44,1000.0,0.0026,2
1665269387,14293406,True,29606,101328.87,30.0,0.0026,0
1665269388,14293407,True,986885,101328.87,1000.0,0.0026,2
1665269400,14293408,True,314480,101328.87,318.66,0.0026,2
1665269536,14293409,True,329615,101330.33,334.0,0.0027,2
1665269577,14293410,True,49344,101328.87,50.0,0.0026,0
1665269649,14293411,True,74010,101336.36,75.0,0.0027,0
1665269668,14293412,True,551944,101336.36,559.32,0.0027,2
1665269845,14293413,True,986783,101339.23,1000.0,0.0027,2
1665269881,14293414,False,1870000,101339.218,1895.04,0.0027,2
1665269881,14293415,False,3359960,101339.218,3404.96,0.0027,2
1665269911,14293416,True,5218038,101339.23,5287.92,0.0027,2
1665269918,14293417,True,98661,101356.94,100.0,0.0029,2
1665270269,14293418,False,24669,101422.491,25.02,0.0036,0
1665270269,14293419,True,22970,101523.57,23.32,0.0046,0
1665270427,14293420,False,489543,101499.72,496.88,0.0043,2
1665270454,14293421,True,24612,101574.77,25.0,0.0051,0
1665270490,14293422,True,295316,101585.87,300.0,0.0052,2
1665270579,14293423,False,318229,101569.651,323.22,0.005,2
1665270587,14293424,True,29533,101578.37,30.0,0.0051,0
1665270638,14293425,True,9844,101578.37,10.0,0.0051,0
1665270725,14293426,False,370160,101590.701,376.05,0.0052,2
1665270808,14293427,True,49191,101643.37,50.0,0.0057,0
1665270825,14293428,True,24595,101643.37,25.0,0.0057,0
1665270859,14293429,True,268738,101643.37,273.15,0.0057,2
1665271199,14293430,True,1181,101573.28,1.2,0.0051,0
1665271219,14293431,True,5764330,101573.28,5855.02,0.0051,2
1665271414,14293432,False,571246,101508.517,579.86,0.0044,2
1665271484,14293433,True,492515,101519.47,500.0,0.0045,2
1665271577,14293434,False,10000,101526.59,10.15,0.0046,0
1665271607,14293435,True,1624333,101526.59,1649.13,0.0046,2
1665271631,14293436,True,78797,101526.6,80.0,0.0046,0
1665271640,14293437,False,5360,101526.6,5.44,0.0046,0
1665271668,14293438,True,984,101526.6,1.0,0.0046,0
1665271707,14293439,False,1560000,101526.6,1583.81,0.0046,2
1665272076,14293440,True,68843,101679.97,70.0,0.0061,0
1665272097,14293441,True,3440,101734.6,3.5,0.0067,0
1665272119,14293442,False,818999,101598.505,832.09,0.0053,2
1665272119,14293443,False,3181000,101598.18,3231.84,0.0053,2
1665272175,14293444,True,19658,101737.95,20.0,0.0067,0
1665272191,14293445,True,98291,101737.95,100.0,0.0067,2
1665272247,14293446,True,1590000,101733.194,1617.56,0.0066,2
1665272247,14293447,True,544000,101733.194,553.43,0.0066,2
1665272247,14293448,True,7695278,101737.95,7829.02,0.0067,2
1665272257,14293449,True,43254,101723.11,44.0,0.0065,0
1665272269,14293450,True,491530,101723.11,500.0,0.0065,2
1665272419,14293451,True,18706,101728.92,19.03,0.0066,0
1665272521,14293452,True,731148,101757.743,744.0,0.0069,2
1665272593,14293453,True,4375,101710.98,4.45,0.0064,0
1665272640,14293454,True,49158,101710.98,50.0,0.0064,0
1665272690,14293455,True,20000,101710.98,20.34,0.0064,0
1665273039,14293456,False,29660,101682.43,30.16,0.0061,0
1665273039,14293457,False,110958,101682.43,112.83,0.0061,2
1665273071,14293458,True,2232,101628.68,2.27,0.0056,0
1665273530,14293459,True,9839,101630.68,10.0,0.0056,0
1665273635,14293460,True,985850,101633.92,1001.96,0.0057,2
1665273909,14293461,True,4916,101701.05,5.0,0.0063,0
1665273910,14293462,True,49162,101701.05,50.0,0.0063,0
1665274006,14293463,True,1141580,101716.75,1161.18,0.0065,2
1665274031,14293464,True,6862,101712.735,6.98,0.0064,0
1665274032,14293465,True,9605,101712.735,9.77,0.0064,0
1665274400,14293466,True,24562,101781.8,25.0,0.0071,0
1665274475,14293467,False,1170,101741.134,1.19,0.0067,0
1665274490,14293468,True,982571,101773.79,1000.0,0.007,2
1665274586,14293469,True,563691,101773.79,573.69,0.007,2
1665274589,14293470,False,141390,101742.69,143.85,0.0067,2
1665274644,14293471,True,589486,101783.48,600.0,0.0071,2
1665274653,14293472,True,1267,101783.48,1.29,0.0071,0
1665274803,14293473,True,17619,101762.86,17.93,0.0069,0
1665274994,14293474,False,56229,101656.065,57.16,0.0059,0
1665275002,14293475,True,3461,101656.08,3.52,0.0059,0
1665275072,14293476,True,38612,101649.989,39.25,0.0058,0
1665275079,14293477,True,98379,101647.334,100.0,0.0058,2
1665275182,14293478,True,4523,101656.06,4.6,0.0059,0
1665275182,14293479,True,978196,101758.802,995.4,0.0069,2
1665275230,14293480,True,100000,101617.42,101.62,0.0055,2
1665275244,14293481,True,57972,101617.42,58.91,0.0055,0
1665275286,14293482,True,6239,101617.42,6.34,0.0055,0
1665275431,14293483,False,10000,101617.411,10.16,0.0055,0
1665275475,14293484,False,16635,101617.411,16.9,0.0055,0
1665275496,14293485,True,147612,101617.42,150.0,0.0055,2
1665275572,14293486,True,9762,101617.42,9.92,0.0055,0
1665275652,14293487,True,984,101617.42,1.0,0.0055,0
1665275681,14293488,True,622915,101631.81,633.08,0.0056,2
1665275717,14293489,True,983,101631.81,1.0,0.0056,0
1665275739,14293490,True,983,101631.81,1.0,0.0056,0
1665275746,14293491,True,1281675,101631.81,1302.59,0.0056,2
1665275769,14293492,True,984,101613.67,1.0,0.0055,0
1665275783,14293493,True,98411,101613.67,100.0,0.0055,2
1665275784,14293494,False,5590,101613.66,5.68,0.0055,0
1665275790,14293495,True,984,101613.67,1.0,0.0055,0
1665275841,14293496,True,5358964,101613.67,5445.44,0.0055,2
1665275892,14293497,True,984,101613.67,1.0,0.0055,0
1665275914,14293498,True,18698,101613.67,19.0,0.0055,0
1665275932,14293499,True,639150,101697.43,650.0,0.0063,2
1665275951,14293500,True,3936,101585.74,4.0,0.0052,0
1665275960,14293501,True,492194,101585.74,500.0,0.0052,2
1665276026,14293502,True,83565,101716.535,85.0,0.0065,0
1665276096,14293503,True,51196,101588.67,52.01,0.0052,0
1665276371,14293504,True,309187,101540.39,313.95,0.0047,2
1665276400,14293505,True,295448,101540.39,300.0,0.0047,2
1665276410,14293506,False,438000,101534.104,444.72,0.0047,2
1665276410,14293507,False,712000,101532.292,722.91,0.0046,2
1665276454,14293508,True,7317,101544.07,7.43,0.0048,0
1665276505,14293509,False,41699,101544.07,42.34,0.0048,0
1665276515,14293510,True,9847,101544.07,10.0,0.0048,0
1665276650,14293511,True,50716,101544.07,51.5,0.0048,0
1665276797,14293512,False,18939,101529.87,19.23,0.0046,0
1665276837,14293513,True,1224605,101529.87,1243.34,0.0046,2
1665276880,14293514,True,98471,101550.81,100.0,0.0048,2
1665277089,14293515,True,13221,101575.36,13.43,0.0051,0
1665277409,14293516,True,4824,101575.36,4.9,0.0051,0
1665277453,14293517,False,298538,101560.017,303.2,0.0049,2
1665277787,14293518,True,98449,101575.36,100.0,0.0051,2
1665277942,14293519,True,136727,101575.36,138.88,0.0051,2
1665277942,14293520,True,99412,101716.623,101.12,0.0065,2
1665277979,14293521,True,984,101581.95,1.0,0.0051,0
1665278100,14293522,True,49213,101599.02,50.0,0.0053,0
1665278103,14293523,True,609326,101599.02,619.07,0.0053,2
1665278431,14293524,False,234487,101618.16,238.28,0.0055,2
1665278467,14293525,True,49155,101717.944,50.0,0.0065,0
1665278529,14293526,True,1000,101628.72,1.02,0.0056,0
1665278554,14293527,True,98397,101628.72,100.0,0.0056,2
1665278589,14293528,True,1000,101633.22,1.02,0.0056,0
1665278737,14293529,True,4181,101637.84,4.25,0.0057,0
1665278744,14293530,True,1000,101637.84,1.02,0.0057,0
1665278749,14293531,True,1196088,101637.84,1215.68,0.0057,2
1665278775,14293532,True,1000,101637.85,1.02,0.0057,0
1665278781,14293533,True,1000,101637.85,1.02,0.0057,0
1665278824,14293534,True,1000,101637.85,1.02,0.0057,0
1665278870,14293535,False,4037,101637.85,4.1,0.0057,0
1665278871,14293536,True,50000,101637.85,50.82,0.0057,0
1665278950,14293537,False,36329,101670.018,36.94,0.006,0
1665279028,14293538,False,45786,101685.228,46.56,0.0062,0
1665279060,14293539,False,9500,101686.19,9.66,0.0062,0
1665279116,14293540,False,2230,101686.19,2.27,0.0062,0
1665279176,14293541,True,49170,101687.49,50.0,0.0062,0
1665279261,14293542,True,49170,101686.2,50.0,0.0062,0
1665279508,14293543,False,2881,101666.0,2.93,0.006,0
1665279522,14293544,False,1000,101649.99,1.02,0.0058,0
1665279522,14293545,False,1000,101639.99,1.02,0.0057,0
1665279522,14293546,False,1000,101637.84,1.02,0.0057,0
1665279522,14293547,False,1000,101629.99,1.02,0.0056,0
1665279522,14293548,False,1000,101619.99,1.02,0.0055,0
1665279522,14293549,False,216098,101619.99,219.6,0.0055,2
1665279522,14293550,False,1000,101609.99,1.02,0.0054,0
1665279522,14293551,False,1000,101599.99,1.02,0.0053,0
1665279522,14293552,False,140146,101537.514,142.3,0.0047,2
1665279711,14293553,True,6794,101553.01,6.9,0.0049,0
1665279769,14293554,True,2954,101553.01,3.0,0.0049,0
1665279862,14293555,False,81478,101553.002,82.74,0.0049,0
1665279887,14293556,True,122359,101553.01,124.26,0.0049,2
1665279926,14293557,False,121503,101553.002,123.39,0.0049,2
1665279941,14293558,True,6183,101553.01,6.28,0.0049,0
1665279942,14293559,True,50000,101553.01,50.78,0.0049,0
1665280021,14293560,True,72868,101553.01,74.0,0.0049,0
1665280665,14293561,False,200052,101554.26,203.16,0.0049,2
1665280750,14293562,False,405000,101559.808,411.32,0.0049,2
1665280750,14293563,False,87350,101558.05,88.71,0.0049,0
1665280919,14293564,True,26355,101649.15,26.79,0.0058,0
1665280944,14293565,False,11950,101594.074,12.14,0.0053,0
1665280953,14293566,False,62128298,101596.403,63120.12,0.0053,1
1665280953,14293567,False,411000,101596.403,417.56,0.0053,2
1665280953,14293568,False,796000,101520.59,808.1,0.0045,2
1665280953,14293569,False,5750000,101519.317,5837.36,0.0045,2
1665280953,14293570,False,1726000,101519.317,1752.22,0.0045,2
1665280953,14293571,False,823000,101518.904,835.5,0.0045,2
1665280953,14293572,False,1745000,101518.89,1771.5,0.0045,2
1665280953,14293573,False,1386000,101518.602,1407.05,0.0045,2
1665280953,14293574,False,1386000,101517.525,1407.03,0.0045,2
1665280953,14293575,False,966000,101517.507,980.66,0.0045,2
1665280953,14293576,False,1401000,101517.388,1422.26,0.0045,2
1665280953,14293577,False,997999,101517.064,1013.14,0.0045,2
1665280953,14293578,False,805000,101516.971,817.21,0.0045,2
1665280953,14293579,False,788177,101500.0,800.0,0.0043,2
1665280953,14293580,False,1000,101499.99,1.01,0.0043,0
1665280953,14293581,False,18732,101426.0,19.0,0.0036,0
1665280953,14293582,False,9832503,101403.219,9970.47,0.0034,2
1665281258,14293583,True,29510,101660.407,30.0,0.0059,0
1665281366,14293584,True,608000,101617.653,617.84,0.0055,2
1665281366,14293585,True,363264,101618.694,369.14,0.0055,2
1665281676,14293586,True,18920,101581.8,19.22,0.0051,0
1665281699,14293587,True,99915,101576.027,101.49,0.0051,2
1665281723,14293588,True,49226,101571.002,50.0,0.005,0
1665281853,14293589,True,9753,101605.124,9.91,0.0054,0
1665281907,14293590,True,180342,101556.973,183.15,0.0049,2
1665282452,14293591,True,24620,101541.824,25.0,0.0047,0
1665282902,14293592,True,98479,101544.175,100.0,0.0048,2
1665282955,14293593,True,98475,101548.115,100.0,0.0048,2
1665282974,14293594,True,137865,101540.41,139.99,0.0047,2
1665283055,14293595,True,1860,101565.962,1.89,0.005,0
1665283089,14293596,False,44170,101484.46,44.83,0.0042,0
1665283222,14293597,True,9240,101620.6,9.39,0.0055,0
1665283235,14293598,True,36647,101617.811,37.24,0.0055,0
1665283390,14293599,False,24601990,101533.185,24979.18,0.0047,1
1665283421,14293600,True,195842,101547.208,198.87,0.0048,2
1665283479,14293601,False,2350,101457.103,2.38,0.0039,0
1665283528,14293602,True,1359,101524.298,1.38,0.0046,0
1665283543,14293603,True,1950000,101520.527,1979.65,0.0045,2
1665283543,14293604,True,1398445,101523.418,1419.75,0.0046,2
1665283707,14293605,True,109781,101473.9,111.4,0.0041,2
1665283890,14293606,True,38273,101472.615,38.84,0.0041,0
1665283890,14293607,True,109549,101472.615,111.16,0.0041,2
1665283977,14293608,True,9008,101473.89,9.14,0.0041,0
1665284472,14293609,True,9853,101484.308,10.0,0.0042,0
1665284593,14293610,True,72244,101483.0,73.32,0.0042,0
1665284593,14293611,True,420400,101494.719,426.68,0.0043,2
1665284737,14293612,True,73891,101499.49,75.0,0.0043,0
1665284874,14293613,False,6800,101473.532,6.9,0.0041,0
1665284908,14293614,True,985,101486.323,1.0,0.0042,0
1665284946,14293615,True,53799,101486.538,54.6,0.0042,0
1665285115,14293616,False,1366259,101442.738,1385.97,0.0038,2
1665285263,14293617,True,598000,101485.266,606.88,0.0042,2
1665285263,14293618,True,387653,101487.055,393.42,0.0042,2
1665285433,14293619,False,97353,101415.447,98.73,0.0035,0
1665285445,14293620,True,581000,101488.945,589.65,0.0042,2
1665285445,14293621,True,443741,101489.152,450.35,0.0042,2
1665285560,14293622,True,113314,101487.576,115.0,0.0042,2
1665285726,14293623,True,4334,101500.0,4.4,0.0043,0
1665285760,14293624,True,29990,101500.0,30.44,0.0043,0
1665285940,14293625,False,5654,101500.0,5.74,0.0043,0
1665285954,14293626,True,157404,101500.0,159.77,0.0043,2
1665285976,14293627,True,5612,101558.918,5.7,0.0049,0
1665286064,14293628,False,5573,101507.27,5.66,0.0044,0
1665286325,14293629,True,26324,101500.0,26.72,0.0043,0
1665286448,14293630,False,42596,101500.0,43.23,0.0043,0
1665286448,14293631,False,50000,101483.0,50.74,0.0042,0
1665286448,14293632,False,158933,101410.38,161.17,0.0034,2
1665286538,14293633,True,200000,101422.322,202.84,0.0036,2
1665286575,14293634,True,279418,101410.38,283.36,0.0034,2
1665286606,14293635,True,10260706,101413.87,10405.78,0.0035,2
1665286625,14293636,True,100000,101410.38,101.41,0.0034,2
1665286662,14293637,True,394404,101418.76,400.0,0.0035,2
1665286711,14293638,True,100000,101410.38,101.41,0.0034,2
1665286762,14293639,True,100000,101410.38,101.41,0.0034,2
1665286904,14293640,True,14532,101424.542,14.74,0.0036,0
1665286993,14293641,True,50000,101425.863,50.71,0.0036,0
1665287057,14293642,True,2120000,101433.329,2150.39,0.0037,2
1665287057,14293643,True,591000,101433.329,599.47,0.0037,2
1665287057,14293644,True,2454000,101437.824,2489.28,0.0037,2
1665287057,14293645,True,59994,101438.921,60.86,0.0037,0
1665287253,14293646,True,4683,101410.38,4.75,0.0034,0
1665287325,14293647,True,986,101410.39,1.0,0.0034,0
1665287353,14293648,True,493046,101410.39,500.0,0.0034,2
1665287398,14293649,True,986,101410.38,1.0,0.0034,0
1665287416,14293650,True,9860,101410.38,10.0,0.0034,0
1665287423,14293651,True,986,101410.39,1.0,0.0034,0
1665287442,14293652,True,986,101410.38,1.0,0.0034,0
1665287465,14293653,True,986,101410.38,1.0,0.0034,0
1665287500,14293654,False,72830,101410.38,73.86,0.0034,0
1665287646,14293655,True,9860922,101410.39,10000.0,0.0034,2
1665287650,14293656,True,98609,101410.39,100.0,0.0034,2
1665287666,14293657,True,32047,101410.39,32.5,0.0034,0
1665287738,14293658,True,4930,101410.39,5.0,0.0034,0
1665287818,14293659,True,24652,101410.39,25.0,0.0034,0
1665287884,14293660,True,492832,101454.28,500.0,0.0039,2
1665288154,14293661,False,36000,101454.29,36.52,0.0039,0
1665288307,14293662,True,118246,101481.64,120.0,0.0041,2
1665288372,14293663,True,29542,101548.694,30.0,0.0048,0
1665288854,14293664,True,985,101435.212,1.0,0.0037,0
1665288978,14293665,True,44873,101441.304,45.52,0.0037,0
1665288986,14293666,True,49291,101436.761,50.0,0.0037,0
1665289363,14293667,True,49301,101416.47,50.0,0.0035,0
1665289380,14293668,True,22000,101410.38,22.31,0.0034,0
1665289443,14293669,True,21565,101410.38,21.87,0.0034,0
1665289601,14293670,True,986,101410.38,1.0,0.0034,0
1665289714,14293671,True,986086,101410.38,999.99,0.0034,2
1665290218,14293672,False,25044,101410.38,25.4,0.0034,0
1665290274,14293673,True,24866,101423.515,25.22,0.0036,0
1665290290,14293674,True,203384,101418.377,206.27,0.0035,2
1665291403,14293675,True,1477,101509.852,1.5,0.0044,0
1665291755,14293676,True,549000,101624.717,557.92,0.0056,2
1665291755,14293677,True,1052000,101624.866,1069.09,0.0056,2
1665291755,14293678,True,1304000,101625.246,1325.19,0.0056,2
1665291755,14293679,True,47028,101625.702,47.79,0.0056,0
1665292552,14293680,True,98403,101622.537,100.0,0.0055,2
1665292730,14293681,True,492048,101617.822,500.01,0.0055,2
1665292750,14293682,True,30508,101610.861,31.0,0.0054,0
1665292887,14293683,False,983798,101490.552,998.46,0.0042,2
1665293038,14293684,False,4120,101514.308,4.18,0.0045,0
1665293072,14293685,False,558470,101527.889,567.0,0.0046,2
1665293460,14293686,True,4919,101628.0,5.0,0.0056,0
1665293853,14293687,False,26130,101609.986,26.55,0.0054,0
1665293882,14293688,True,19673,101662.0,20.0,0.0059,0
1665294040,14293689,True,35759,101707.436,36.37,0.0064,0
1665294305,14293690,True,15734,101687.354,16.0,0.0062,0
1665294404,14293691,True,6480,101689.26,6.59,0.0062,0
1665295123,14293692,True,147469,101716.211,150.0,0.0065,2
1665295156,14293693,True,29493,101718.0,30.0,0.0065,0
1665295182,14293694,False,760546,101645.522,773.06,0.0058,2
1665295281,14293695,True,63648,101729.94,64.75,0.0066,0
1665295356,14293696,True,29469,101798.8,30.0,0.0073,0
1665295367,14293697,False,31604,101703.966,32.14,0.0063,0
1665295395,14293698,True,981,101795.015,1.0,0.0072,0
1665296062,14293699,True,61199,101782.247,62.29,0.0071,0
1665297904,14293700,True,49170,101686.271,50.0,0.0062,0
1665298460,14293701,False,37677,101610.331,38.28,0.0054,0
1665298512,14293702,False,3740,101610.436,3.8,0.0054,0
1665299377,14293703,True,9834,101686.271,10.0,0.0062,0
1665299522,14293704,True,295025,101686.271,300.0,0.0062,2
1665301225,14293705,True,46958,101686.271,47.75,0.0062,0
1665301322,14293706,True,29502,101686.271,30.0,0.0062,0
1665301339,14293707,True,983,101686.271,1.0,0.0062,0
1665301369,14293708,True,983,101686.271,1.0,0.0062,0
1665301483,14293709,True,983,101686.271,1.0,0.0062,0
1665302255,14293710,True,983,101686.271,1.0,0.0062,0
1665302276,14293711,True,983,101686.271,1.0,0.0062,0
1665302295,14293712,True,983,101686.271,1.0,0.0062,0
1665302320,14293713,True,983,101686.271,1.0,0.0062,0
1665302350,14293714,True,983,101686.271,1.0,0.0062,0
1665302373,14293715,True,983,101686.271,1.0,0.0062,0
1665302390,14293716,True,983,101686.271,1.0,0.0062,0
1665302412,14293717,True,983,101686.271,1.0,0.0062,0
1665302448,14293718,True,3933,101686.271,4.0,0.0062,0
1665302843,14293719,True,49170,101686.271,50.0,0.0062,0
1665302874,14293720,True,49170,101686.271,50.0,0.0062,0
1665302974,14293721,True,98000,101686.271,99.65,0.0062,0
1665303334,14293722,True,1109425,101686.271,1128.13,0.0062,2
1665303334,14293723,True,1301000,101687.16,1322.95,0.0062,2
1665303334,14293724,True,55274,101687.392,56.21,0.0062,0
1665303618,14293725,True,131776,101687.392,134.0,0.0062,2
1665303638,14293726,True,983,101687.392,1.0,0.0062,0
1665303679,14293727,True,983,101687.392,1.0,0.0062,0
1665304286,14293728,True,9836,101658.192,10.0,0.0059,0
1665304423,14293729,True,49202,101618.821,50.0,0.0055,0
1665305349,14293730,False,985,101610.436,1.0,0.0054,0
1665305349,14293731,False,11805,101610.43,12.0,0.0054,0
1665305567,14293732,True,17711,101630.489,18.0,0.0056,0
1665306201,14293733,False,68230,101610.43,69.33,0.0054,0
1665306422,14293734,False,198590,101610.44,201.79,0.0054,2
1665306866,14293735,True,983956,101630.489,1000.0,0.0056,2
1665306944,14293736,True,49197,101630.489,50.0,0.0056,0
1665306964,14293737,True,4919,101630.489,5.0,0.0056,0
1665307152,14293738,True,1000,101630.489,1.02,0.0056,0
1665307181,14293739,True,309257,101630.489,314.3,0.0056,2
1665307516,14293740,True,1092,101630.489,1.11,0.0056,0
1665307598,14293741,True,1000,101630.489,1.02,0.0056,0
1665307622,14293742,False,1000,101630.48,1.02,0.0056,0
1665307622,14293743,False,1000,101630.44,1.02,0.0056,0
1665307622,14293744,False,1000,101630.43,1.02,0.0056,0
1665307622,14293745,False,1000,101630.42,1.02,0.0056,0
1665307622,14293746,False,496000,101614.304,504.01,0.0055,2
1665307707,14293747,False,9384,101614.304,9.54,0.0055,0
1665307749,14293748,True,641868,101630.489,652.33,0.0056,2
1665307749,14293749,True,167,101633.856,0.17,0.0057,0
1665307867,14293750,True,642035,101633.856,652.52,0.0057,2
1665307908,14293751,True,1210,101633.856,1.23,0.0057,0
1665307938,14293752,True,393569,101633.856,400.0,0.0057,2
1665308093,14293753,True,1000,101633.856,1.02,0.0057,0
1665308120,14293754,True,1000,101633.856,1.02,0.0057,0
1665308275,14293755,True,84000,101633.856,85.37,0.0057,0
1665308398,14293756,True,1018561,101633.856,1035.2,0.0057,2
1665308402,14293757,True,1000,101633.856,1.02,0.0057,0
1665308477,14293758,True,13223,101633.856,13.44,0.0057,0
1665308548,14293759,True,264235,101633.856,268.55,0.0057,2
1665308548,14293760,True,784072,101634.856,796.89,0.0057,2
1665308680,14293761,True,1297019,101634.856,1318.22,0.0057,2
1665308796,14293762,True,258909,101634.856,263.14,0.0057,2
1665308796,14293763,True,1038110,101637.34,1055.11,0.0057,2
1665308920,14293764,True,1297019,101637.34,1318.26,0.0057,2
1665309040,14293765,True,94871,101637.34,96.42,0.0057,0
1665309040,14293766,True,1136000,101649.482,1154.74,0.0058,2
1665309040,14293767,True,66148,101649.818,67.24,0.0058,0
1665309176,14293768,True,1170852,101649.818,1190.17,0.0058,2
1665309176,14293769,True,126166,101650.325,128.25,0.0058,2
1665309298,14293770,True,820833,101650.325,834.38,0.0058,2
1665309298,14293771,True,476185,101650.476,484.05,0.0058,2
1665309361,14293772,True,933758,101650.476,949.17,0.0058,2
1665309425,14293773,True,256056,101650.476,260.28,0.0058,2
1665309425,14293774,True,1040963,101651.517,1058.15,0.0058,2
1665309468,14293775,True,84000,101651.517,85.39,0.0058,0
1665309505,14293776,True,927037,101651.517,942.35,0.0058,2
1665309505,14293777,True,253466,101651.598,257.65,0.0058,2
1665309583,14293778,True,219534,101651.598,223.16,0.0058,2
1665309583,14293779,True,1077485,101652.351,1095.29,0.0058,2
1665309625,14293780,True,98374,101652.351,100.0,0.0058,2
1665309734,14293781,True,78699,101652.351,80.0,0.0058,0
1665309747,14293782,True,411442,101652.351,418.24,0.0058,2
1665309747,14293783,True,885577,101652.721,900.21,0.0058,2
1665309874,14293784,True,1297019,101652.721,1318.46,0.0058,2
1665310002,14293785,True,32463,101652.721,33.0,0.0058,0
1665310003,14293786,True,1297019,101652.721,1318.46,0.0058,2
1665310121,14293787,True,1297019,101652.721,1318.46,0.0058,2
1665310245,14293788,True,196748,101652.721,200.0,0.0058,2
1665310245,14293789,True,1297019,101652.721,1318.46,0.0058,2
1665310287,14293790,True,1475612,101652.721,1500.0,0.0058,2
1665310363,14293791,True,1297019,101652.721,1318.46,0.0058,2
1665310482,14293792,True,1297019,101652.721,1318.46,0.0058,2
1665310618,14293793,True,1297019,101652.721,1318.46,0.0058,2
1665310752,14293794,True,1297019,101652.721,1318.46,0.0058,2
1665310819,14293795,True,50199,101652.721,51.03,0.0058,0
1665310903,14293796,True,1297019,101652.721,1318.46,0.0058,2
1665311042,14293797,True,1297019,101652.721,1318.46,0.0058,2
1665311162,14293798,True,1297019,101652.721,1318.46,0.0058,2
1665311202,14293799,True,49187,101652.721,50.0,0.0058,0
1665311292,14293800,True,1297019,101652.721,1318.46,0.0058,2
1665311327,14293801,True,68379,101652.721,69.51,0.0058,0
1665311371,14293802,True,12056429,101652.721,12255.69,0.0058,2
1665311371,14293803,True,1031000,101652.987,1048.04,0.0058,2
1665311411,14293804,True,1297019,101661.33,1318.57,0.0059,2
1665311599,14293805,True,1297019,101661.33,1318.57,0.0059,2
1665311719,14293806,True,24591,101661.33,25.0,0.0059,0
1665311729,14293807,True,1297019,101661.33,1318.57,0.0059,2
1665311831,14293808,False,80634,101653.0,81.97,0.0058,0
1665311871,14293809,True,1297019,101661.33,1318.57,0.0059,2
1665311892,14293810,True,1967315,101661.33,2000.0,0.0059,2
1665311993,14293811,True,1297019,101661.33,1318.57,0.0059,2
1665312113,14293812,True,1297019,101661.33,1318.57,0.0059,2
1665312129,14293813,True,984000,101661.33,1000.35,0.0059,2
1665312130,14293814,True,984999,101661.33,1001.36,0.0059,2
1665312183,14293815,True,3669034,101661.33,3729.99,0.0059,2
1665312229,14293816,True,9587944,101661.33,9747.23,0.0059,2
1665312229,14293817,True,25000000,101662.69,25415.67,0.0059,1
1665312229,14293818,True,25000000,101662.96,25415.74,0.0059,1
1665312229,14293819,True,14185055,101664.27,14421.13,0.006,2
1665312313,14293820,True,8869000,101664.27,9016.6,0.006,2
1665312515,14293821,True,1297019,101664.27,1318.6,0.006,2
1665312612,14293822,True,8311,101664.27,8.45,0.006,0
1665312917,14293823,True,640614,101664.27,651.28,0.006,2
1665312917,14293824,True,323075,101672.18,328.48,0.006,2
1665313177,14293825,True,35374,101672.18,35.97,0.006,0
1665313302,14293826,True,292892,101672.18,297.79,0.006,2
1665313460,14293827,True,98354,101672.18,100.0,0.006,2
1665313631,14293828,True,9835,101672.18,10.0,0.006,0
1665313833,14293829,True,4470000,101711.774,4546.52,0.0064,2
1665313833,14293830,True,1569999,101712.152,1596.88,0.0064,2
1665313833,14293831,True,1820000,101712.152,1851.16,0.0064,2
1665313833,14293832,True,1600000,101712.152,1627.39,0.0064,2
1665313833,14293833,True,376000,101712.152,382.44,0.0064,2
1665313839,14293834,True,1994000,101712.152,2028.14,0.0064,2
1665313868,14293835,True,49000,102137.128,50.05,0.011,0
1665314056,14293836,True,867966,102249.282,887.49,0.012,2
1665314201,14293837,False,195599,102109.269,199.73,0.01,2
1665314277,14293838,False,17800,102152.725,18.18,0.011,0
1665314278,14293839,True,13664,102455.894,14.0,0.014,0
1665314315,14293840,False,1142256,102171.024,1167.05,0.011,2
1665314320,14293841,True,97590,102468.92,100.0,0.014,2
1665314344,14293842,True,38402,102442.339,39.34,0.014,0
1665314367,14293843,True,428000,102429.698,438.4,0.014,2
1665314367,14293844,True,419000,102431.148,429.19,0.014,2
1665314367,14293845,True,9012150,102444.082,9232.41,0.014,2
1665314394,14293846,True,39383,102444.082,40.35,0.014,0
1665314415,14293847,True,165363,102444.082,169.4,0.014,2
1665314438,14293848,True,41446,102435.984,42.46,0.014,0
1665314478,14293849,True,67199,102434.597,68.84,0.014,0
1665314489,14293850,False,1328750,102301.522,1359.33,0.012,2
1665314527,14293851,False,384460,102316.874,393.37,0.012,2
1665314927,14293852,False,100000,102291.508,102.29,0.012,2
1665315365,14293853,True,97755,102296.049,100.0,0.012,2
1665315380,14293854,True,97755,102296.049,100.0,0.012,2
1665315473,14293855,False,100690,102183.586,102.89,0.011,2
1665315616,14293856,True,110713,102290.854,113.25,0.012,2
1665315901,14293857,True,97737,102314.38,100.0,0.012,2
1665316045,14293858,True,23188,102333.008,23.73,0.013,0
1665316125,14293859,True,403000,102317.504,412.34,0.012,2
1665316125,14293860,True,421000,102318.934,430.76,0.012,2
1665316125,14293861,True,1021000,102326.893,1044.76,0.013,2
1665316125,14293862,True,109589,102327.032,112.14,0.013,2
1665316183,14293863,True,23025,102321.795,23.56,0.012,0
1665316280,14293864,True,4750,102296.385,4.86,0.012,0
1665316345,14293865,False,61750,102165.753,63.09,0.011,0
1665316483,14293866,True,97825,102222.117,100.0,0.011,2
1665316502,14293867,False,74800,102150.264,76.41,0.011,0
1665316744,14293868,False,93730,102153.947,95.75,0.011,0
1665316818,14293869,True,751785,102187.43,768.23,0.011,2
1665316824,14293870,True,48929,102187.43,50.0,0.011,0
1665316856,14293871,True,48930,102185.605,50.0,0.011,0
1665316927,14293872,True,48930,102183.815,50.0,0.011,0
1665316953,14293873,False,565000,102164.841,577.23,0.011,2
1665316953,14293874,False,531000,102163.711,542.49,0.011,2
1665316953,14293875,False,108501,102160.287,110.84,0.011,2
1665317172,14293876,True,186996,102194.566,191.1,0.011,2
1665317389,14293877,True,48937,102171.423,50.0,0.011,0
1665317479,14293878,True,55057,102166.45,56.25,0.011,0
1665317512,14293879,True,19573,102178.409,20.0,0.011,0
1665317574,14293880,True,684777,102223.0,700.0,0.011,2
1665317700,14293881,True,52901,102207.853,54.07,0.011,0
1665317882,14293882,True,90495,102226.0,92.51,0.012,0
1665317888,14293883,True,97785,102265.0,100.0,0.012,2
1665317906,14293884,True,195532,102285.0,200.0,0.012,2
1665318121,14293885,True,7331,102295.007,7.5,0.012,0
1665318142,14293886,True,48882,102286.051,50.0,0.012,0
1665318245,14293887,True,1955,102297.247,2.0,0.012,0
1665318280,14293888,True,9775,102299.0,10.0,0.012,0
1665318327,14293889,False,45500,102275.283,46.54,0.012,0
1665318440,14293890,True,2442,102339.0,2.5,0.013,0
1665318462,14293891,False,19640,102294.182,20.09,0.012,0
1665318502,14293892,True,39073,102370.47,40.0,0.013,0
1665318562,14293893,True,3058,102349.652,3.13,0.013,0
1665318589,14293894,True,396000,102344.289,405.28,0.013,2
1665318589,14293895,True,336773,102358.744,344.72,0.013,2
1665318766,14293896,False,197100,102323.165,201.68,0.012,2
1665318858,14293897,True,1161,102470.968,1.19,0.014,0
1665318904,14293898,True,13527,102459.485,13.86,0.014,0
1665318950,14293899,False,152700,102380.223,156.33,0.013,2
1665319049,14293900,True,2049300,102474.0,2100.0,0.014,2
1665319210,14293901,False,4000,102350.543,4.09,0.013,0
1665319255,14293902,True,9760,102454.265,10.0,0.014,0
1665319338,14293903,False,1181990,102311.124,1209.31,0.012,2
1665319356,14293904,True,7372,102412.746,7.55,0.013,0
1665319421,14293905,True,392000,102380.37,401.33,0.013,2
1665319421,14293906,True,1561473,102382.091,1598.67,0.013,2
1665319427,14293907,True,2158,102372.64,2.21,0.013,0
1665319434,14293908,False,1057134,102249.956,1080.92,0.012,2
1665319445,14293909,True,18100,102370.914,18.53,0.013,0
1665319504,14293910,False,27890,102276.782,28.52,0.012,0
1665319565,14293911,True,5851,102371.173,5.99,0.013,0
1665319752,14293912,False,12290,102308.32,12.57,0.012,0
1665319936,14293913,True,39267,102354.23,40.19,0.013,0
1665319954,14293914,True,1074,102377.11,1.1,0.013,0
1665320080,14293915,True,18650,102355.217,19.09,0.013,0
