timestamp,tid,bool_type,satoshi,price,volume,var_mean,bool_volume
1665456167,14299064,True,20103,99482.987,20.0,-0.02,0
1665456169,14299065,True,100519,99482.987,100.0,-0.02,2
1665456186,14299066,True,12565,99481.181,12.5,-0.02,0
1665456224,14299067,True,7156,99487.175,7.12,-0.02,0
1665456229,14299068,True,10051,99483.806,10.0,-0.02,0
1665456231,14299069,True,404949,99483.806,402.86,-0.02,2
1665456231,14299070,True,298659,99491.714,297.14,-0.02,2
1665456313,14299071,True,100504,99498.0,100.0,-0.02,2
1665456316,14299072,True,432000,99496.111,429.82,-0.02,2
1665456316,14299073,True,1049000,99496.299,1043.72,-0.02,2
1665456316,14299074,True,1397000,99496.879,1389.97,-0.02,2
1665456375,14299075,True,35308708,99498.0,35131.46,-0.02,1
1665456375,14299076,True,25000000,99498.72,24874.68,-0.02,1
1665456391,14299077,True,32382,99500.01,32.22,-0.02,0
1665456397,14299078,True,24967618,99500.01,24842.78,-0.02,1
1665456410,14299079,False,103386,99502.04,102.87,-0.02,2
1665456423,14299080,True,406000,99500.478,403.97,-0.02,2
1665456423,14299081,True,1604021,99502.04,1596.03,-0.02,2
1665456466,14299082,True,704102,99543.762,700.89,-0.02,2
1665456479,14299083,True,20192372,99545.61,20100.62,-0.02,1
1665456616,14299084,True,502109,99579.7,500.0,-0.019,2
1665456637,14299085,True,827758,99616.06,824.58,-0.019,2
1665456667,14299086,True,2288,99607.863,2.28,-0.019,0
1665456670,14299087,True,14577,99606.213,14.52,-0.019,0
1665456744,14299088,True,100388,99612.928,100.0,-0.019,2
1665456850,14299089,True,602710,99550.32,600.0,-0.02,2
1665456877,14299090,True,1446,99550.32,1.44,-0.02,0
1665456884,14299091,True,1918,99550.0,1.91,-0.02,0
1665456894,14299092,True,36433,99550.32,36.27,-0.02,0
1665456921,14299093,True,384000,99550.0,382.27,-0.02,2
1665456921,14299094,True,118259,99550.32,117.73,-0.02,2
1665456927,14299095,True,25956,99550.0,25.84,-0.02,0
1665456928,14299096,True,41376,99550.0,41.19,-0.02,0
1665457068,14299097,True,50199,99601.12,50.0,-0.019,0
1665457102,14299098,True,50199,99601.12,50.0,-0.019,0
1665457174,14299099,False,36178,99560.512,36.02,-0.02,0
1665457227,14299100,False,6965,99562.333,6.93,-0.02,0
1665457247,14299101,True,42239,99598.531,42.07,-0.019,0
1665457358,14299102,True,6525,99601.12,6.5,-0.019,0
1665457378,14299103,True,18092,99598.556,18.02,-0.019,0
1665457442,14299104,False,49776,99566.092,49.56,-0.02,0
1665457463,14299105,True,40157,99608.76,40.0,-0.019,0
1665457478,14299106,True,5019,99608.76,5.0,-0.019,0
1665457484,14299107,True,50196,99608.76,50.0,-0.019,0
1665457531,14299108,False,16990,99566.19,16.92,-0.02,0
1665457658,14299109,False,1000000,99573.131,995.73,-0.02,2
1665457683,14299110,True,92291,99629.98,91.95,-0.019,0
1665457783,14299111,True,202687,99660.75,202.0,-0.019,2
1665457847,14299112,True,5017,99647.551,5.0,-0.019,0
1665457890,14299113,True,9758,99608.3,9.72,-0.019,0
1665458007,14299114,True,100355,99645.22,100.0,-0.019,2
1665458044,14299115,False,860588,99604.449,857.18,-0.019,2
1665458101,14299116,True,396999,99672.46,395.7,-0.019,2
1665458101,14299117,True,194605,99673.518,193.97,-0.019,2
1665458175,14299118,True,10033,99667.882,10.0,-0.019,0
1665458199,14299119,True,50162,99675.48,50.0,-0.018,0
1665458346,14299120,True,290166,99622.252,289.07,-0.019,2
1665458373,14299121,True,100366,99633.43,100.0,-0.019,2
1665458430,14299122,True,605911,99633.43,603.69,-0.019,2
1665458480,14299123,True,373000,99670.441,371.77,-0.019,2
1665458480,14299124,True,2787870,99674.27,2778.79,-0.019,2
1665458529,14299125,True,30099,99670.14,30.0,-0.019,0
1665458676,14299126,True,35091,99740.0,35.0,-0.018,0
1665458726,14299127,True,1002406,99759.93,1000.0,-0.018,2
1665458877,14299128,True,10028,99712.423,10.0,-0.018,0
1665458945,14299129,True,395000,99697.895,393.81,-0.018,2
1665458945,14299130,True,107486,99698.934,107.16,-0.018,2
1665459141,14299131,False,83680,99603.385,83.35,-0.019,0
1665459159,14299132,True,20069,99653.18,20.0,-0.019,0
1665459168,14299133,False,37468,99613.095,37.32,-0.019,0
1665459252,14299134,True,50146,99706.46,50.0,-0.018,0
1665459266,14299135,True,5012,99750.401,5.0,-0.018,0
1665459286,14299136,True,100277,99723.3,100.0,-0.018,2
1665459342,14299137,True,49768,99713.477,49.63,-0.018,0
1665459383,14299138,True,49768,99713.026,49.63,-0.018,0
1665459389,14299139,True,1951553,99711.329,1945.92,-0.018,2
1665459425,14299140,True,99539,99707.551,99.25,-0.018,0
1665459468,14299141,False,4110,99670.0,4.1,-0.019,0
1665459538,14299142,True,20064,99676.71,20.0,-0.018,0
1665459578,14299143,False,15890,99670.0,15.84,-0.019,0
1665459661,14299144,True,351392,99603.82,350.0,-0.019,2
1665459739,14299145,True,47186,99603.82,47.0,-0.019,0
1665459756,14299146,True,4588,99603.82,4.57,-0.019,0
1665460112,14299147,True,330235,99628.84,329.01,-0.019,2
1665460117,14299148,True,5018627,99628.84,5000.0,-0.019,2
1665460263,14299149,True,501921,99616.93,500.0,-0.019,2
1665460282,14299150,False,826370,99570.499,822.82,-0.02,2
1665460315,14299151,False,43490,99566.163,43.3,-0.02,0
1665460517,14299152,True,10219,99617.34,10.18,-0.019,0
1665460554,14299153,True,9405,99617.34,9.37,-0.019,0
1665460561,14299154,True,24584,99617.34,24.49,-0.019,0
1665460746,14299155,False,535000,99565.913,532.68,-0.02,2
1665460746,14299156,False,559000,99551.286,556.49,-0.02,2
1665460746,14299157,False,251120,99550.32,249.99,-0.02,2
1665460746,14299158,False,1750000,99550.0,1742.13,-0.02,2
1665460746,14299159,False,33159,99550.0,33.01,-0.02,0
1665460746,14299160,False,1078451,99522.16,1073.3,-0.02,2
1665460967,14299161,True,154430,99563.21,153.76,-0.02,2
1665461263,14299162,True,4198,99565.009,4.18,-0.02,0
1665461415,14299163,False,14789,99536.154,14.72,-0.02,0
1665461456,14299164,True,50180,99639.646,50.0,-0.019,0
1665461510,14299165,False,11620,99572.084,11.57,-0.02,0
1665461557,14299166,False,4900,99586.217,4.88,-0.019,0
1665461649,14299167,True,2016,99686.7,2.01,-0.018,0
1665461938,14299168,False,1050,99539.533,1.05,-0.02,0
1665462030,14299169,False,58750,99511.833,58.46,-0.02,0
1665462099,14299170,True,5047152,99528.99,5023.38,-0.02,2
1665462104,14299171,True,5023,99528.99,5.0,-0.02,0
1665462171,14299172,True,100482,99519.89,100.0,-0.02,2
1665462189,14299173,False,2270,99500.0,2.26,-0.02,0
1665462378,14299174,True,5022,99551.27,5.0,-0.02,0
1665462461,14299175,False,91928,99500.0,91.47,-0.02,0
1665462558,14299176,True,30139,99537.1,30.0,-0.02,0
1665462707,14299177,True,25903,99524.343,25.78,-0.02,0
1665462728,14299178,True,384000,99531.26,382.2,-0.02,2
1665462728,14299179,True,784999,99537.439,781.37,-0.02,2
1665462728,14299180,True,513805,99537.861,511.43,-0.02,2
1665462958,14299181,True,16653,99501.24,16.57,-0.02,0
1665463075,14299182,True,100468,99533.569,100.0,-0.02,2
1665463217,14299183,True,3375,99537.9,3.36,-0.02,0
1665463322,14299184,True,25115,99541.95,25.0,-0.02,0
1665463506,14299185,True,502299,99527.49,499.93,-0.02,2
1665463622,14299186,False,16537,99513.269,16.46,-0.02,0
1665463686,14299187,False,50040,99513.581,49.8,-0.02,0
1665463905,14299188,True,5023157,99538.99,5000.0,-0.02,2
1665463915,14299189,True,301468,99512.84,300.0,-0.02,2
1665463922,14299190,False,562000,99511.823,559.26,-0.02,2
1665463922,14299191,False,225560,99500.0,224.43,-0.02,2
1665463951,14299192,True,62273,99512.84,61.97,-0.02,0
1665463984,14299193,False,26020,99511.949,25.89,-0.02,0
1665464119,14299194,True,678639,99526.38,675.42,-0.02,2
1665464487,14299195,True,12121,99578.5,12.07,-0.019,0
1665465157,14299196,True,1346503,99701.95,1342.49,-0.018,2
1665465250,14299197,True,108201,99721.29,107.9,-0.018,2
1665465426,14299198,False,13048,99647.251,13.0,-0.019,0
1665465450,14299199,False,57044,99530.403,56.78,-0.02,0
1665465526,14299200,True,56535,99707.138,56.37,-0.018,0
1665465876,14299201,True,27883,99737.52,27.81,-0.018,0
1665466235,14299202,True,50171,99658.4,50.0,-0.019,0
1665466515,14299203,True,100431,99570.78,100.0,-0.02,2
1665467012,14299204,True,200821,99590.54,200.0,-0.019,2
1665467630,14299205,True,7530,99590.36,7.5,-0.019,0
1665467716,14299206,False,3070,99530.41,3.06,-0.02,0
1665467818,14299207,True,50204,99591.904,50.0,-0.019,0
1665468258,14299208,True,1004116,99562.17,999.72,-0.02,2
1665468291,14299209,False,18842,99530.41,18.75,-0.02,0
1665468291,14299210,False,1005,99530.41,1.0,-0.02,0
1665468791,14299211,False,3000000,99500.0,2985.0,-0.02,2
1665469388,14299212,False,1210,99513.581,1.2,-0.02,0
1665469410,14299213,True,114808,99600.221,114.35,-0.019,2
1665469438,14299214,True,30281,99597.388,30.16,-0.019,0
1665470381,14299215,False,1845000,99768.229,1840.72,-0.018,2
1665470381,14299216,False,530000,99768.203,528.77,-0.018,2
1665470381,14299217,False,1845000,99767.747,1840.71,-0.018,2
1665470381,14299218,False,2347000,99767.148,2341.53,-0.018,2
1665470381,14299219,False,1107000,99766.983,1104.42,-0.018,2
1665470381,14299220,False,1343000,99766.878,1339.87,-0.018,2
1665470381,14299221,False,200810,99766.78,200.34,-0.018,2
1665470723,14299222,True,30041,99858.25,30.0,-0.017,0
1665471308,14299223,False,247480,99614.887,246.53,-0.019,2
1665471319,14299224,False,3770,99617.8,3.76,-0.019,0
1665471333,14299225,False,2300000,99614.52,2291.13,-0.019,2
1665471333,14299226,False,469000,99614.52,467.19,-0.019,2
1665471333,14299227,False,494000,99613.271,492.09,-0.019,2
1665471333,14299228,False,918000,99602.734,914.35,-0.019,2
1665471333,14299229,False,7715150,99601.294,7684.39,-0.019,2
1665471377,14299230,True,1480000,99633.178,1474.57,-0.019,2
1665471377,14299231,True,527363,99633.178,525.43,-0.019,2
1665471496,14299232,True,479999,99611.313,478.13,-0.019,2
1665471496,14299233,True,961000,99612.145,957.27,-0.019,2
1665471496,14299234,True,1068732,99612.669,1064.59,-0.019,2
1665471516,14299235,True,100393,99618.36,100.01,-0.019,2
1665471978,14299236,True,1255052,99597.388,1250.0,-0.019,2
1665472382,14299237,True,5000000,99599.54,4979.98,-0.019,2
1665472382,14299238,True,7729882,99599.55,7698.93,-0.019,2
1665472382,14299239,True,1406000,99610.177,1400.52,-0.019,2
1665472382,14299240,True,39108,99610.184,38.96,-0.019,0
1665472403,14299241,False,1005,99597.388,1.0,-0.019,0
1665472408,14299242,False,102412,99597.38,102.0,-0.019,2
1665473215,14299243,True,101856,99777.054,101.63,-0.017,2
1665473464,14299244,True,100211,99789.3,100.0,-0.017,2
1665473856,14299245,True,10017,99830.131,10.0,-0.017,0
1665473944,14299246,False,6350,99745.92,6.33,-0.018,0
1665474113,14299247,True,3405,99836.233,3.4,-0.017,0
1665474371,14299248,False,7310,99654.32,7.28,-0.019,0
1665474429,14299249,False,2440,99649.99,2.43,-0.019,0
1665474841,14299250,True,5844,99743.964,5.83,-0.018,0
1665474845,14299251,True,1233,99742.18,1.23,-0.018,0
1665474927,14299252,True,100259,99741.263,100.0,-0.018,2
1665475054,14299253,True,1851999,99749.871,1847.37,-0.018,2
1665475054,14299254,True,153014,99750.213,152.63,-0.018,2
1665475284,14299255,True,1002,99787.994,1.0,-0.017,0
1665475333,14299256,True,420698,99833.85,420.0,-0.017,2
1665475387,14299257,True,24259,99860.0,24.23,-0.017,0
1665475387,14299258,True,1002,99860.0,1.0,-0.017,0
1665475387,14299259,True,225071,99868.091,224.77,-0.017,2
1665475422,14299260,True,12106,99863.801,12.09,-0.017,0
1665475509,14299261,True,1100,99860.04,1.1,-0.017,0
1665475522,14299262,True,2200,99857.912,2.2,-0.017,0
1665475545,14299263,False,3300,99799.99,3.29,-0.017,0
1665475586,14299264,True,50100,99799.97,50.0,-0.017,0
1665475648,14299265,True,46600,99799.97,46.51,-0.017,0
1665475648,14299266,True,73560,99908.559,73.49,-0.016,0
1665475795,14299267,True,396999,99946.052,396.79,-0.016,2
1665475795,14299268,True,603514,99950.259,603.21,-0.016,2
1665475892,14299269,False,1660,99779.246,1.66,-0.017,0
1665476202,14299270,True,399855,100036.177,400.0,-0.015,2
1665476411,14299271,True,2389,100032.737,2.39,-0.015,0
1665476583,14299272,False,112620,99920.063,112.53,-0.016,2
1665476983,14299273,False,309250,99897.95,308.93,-0.016,2
1665477114,14299274,True,10000,99994.186,10.0,-0.015,0
1665477232,14299275,True,10685,99946.255,10.68,-0.016,0
1665477290,14299276,True,200111,99944.4,200.0,-0.016,2
1665477332,14299277,False,10010,99897.95,10.0,-0.016,0
1665477332,14299278,False,2010000,99874.921,2007.49,-0.017,2
1665477332,14299279,False,2220000,99874.913,2217.22,-0.017,2
1665477332,14299280,False,1857000,99781.709,1852.95,-0.017,2
1665477332,14299281,False,150180,99781.471,149.85,-0.017,2
1665477457,14299282,True,100062,99937.253,100.0,-0.016,2
1665477790,14299283,True,22375,99975.916,22.37,-0.016,0
1665477847,14299284,True,246614,99953.237,246.5,-0.016,2
1665477875,14299285,True,10005,99941.701,10.0,-0.016,0
1665477905,14299286,True,25657,99931.856,25.64,-0.016,0
1665477913,14299287,True,100072,99927.88,100.0,-0.016,2
1665478130,14299288,False,27697,99816.249,27.65,-0.017,0
1665478168,14299289,True,750659,99912.192,750.0,-0.016,2
1665478177,14299290,False,13920,99791.445,13.89,-0.017,0
1665478183,14299291,False,552220,99794.34,551.08,-0.017,2
1665478246,14299292,True,25029,99882.805,25.0,-0.016,0
1665478355,14299293,False,542000,99813.159,540.99,-0.017,2
1665478355,14299294,False,498000,99812.051,497.06,-0.017,2
1665478527,14299295,True,1281,99887.493,1.28,-0.016,0
1665478549,14299296,True,820,99876.968,0.82,-0.017,0
1665478556,14299297,True,100124,99875.601,100.0,-0.017,2
1665478606,14299298,True,130188,99855.014,130.0,-0.017,2
1665478686,14299299,True,300459,99846.972,300.0,-0.017,2
1665478788,14299300,True,53554,99916.024,53.51,-0.016,0
1665478833,14299301,True,200198,99901.075,200.0,-0.016,2
1665478903,14299302,True,81587,99929.021,81.53,-0.016,0
1665478924,14299303,True,400000,99911.664,399.65,-0.016,2
1665478924,14299304,True,650918,99913.217,650.35,-0.016,2
1665478930,14299305,True,27203,99910.333,27.18,-0.016,0
1665478934,14299306,True,402000,99908.681,401.63,-0.016,2
1665478934,14299307,True,598903,99910.392,598.37,-0.016,2
1665478962,14299308,True,100073,99926.089,100.0,-0.016,2
1665479042,14299309,True,1810000,99908.576,1808.35,-0.016,2
1665479042,14299310,True,850000,99948.968,849.57,-0.016,2
1665479042,14299311,True,342261,99949.531,342.09,-0.016,2
1665479065,14299312,False,19550,99818.001,19.51,-0.017,0
1665479105,14299313,True,771000,99944.559,770.57,-0.016,2
1665479105,14299314,True,822000,99946.987,821.56,-0.016,2
1665479105,14299315,True,385000,99947.733,384.8,-0.016,2
1665479105,14299316,True,23076,99949.773,23.06,-0.016,0
1665479113,14299317,True,15009,99939.909,15.0,-0.016,0
1665479149,14299318,True,8645,99941.932,8.64,-0.016,0
1665479190,14299319,False,5000,99795.168,4.99,-0.017,0
1665479255,14299320,True,773000,99906.713,772.28,-0.016,2
1665479255,14299321,True,227933,99906.923,227.72,-0.016,2
1665479279,14299322,False,67358,99793.92,67.22,-0.017,0
1665479279,14299323,False,152842,99784.524,152.51,-0.017,2
1665479342,14299324,True,341779,99941.718,341.58,-0.016,2
1665479354,14299325,False,100950,99811.521,100.76,-0.017,2
1665479460,14299326,True,200146,99926.741,200.0,-0.016,2
1665479551,14299327,True,38714,99935.667,38.69,-0.016,0
1665479576,14299328,True,100057,99942.983,100.0,-0.016,2
1665479666,14299329,True,353000,99928.012,352.75,-0.016,2
1665479666,14299330,True,464025,99928.311,463.69,-0.016,2
1665479672,14299331,True,29021,99927.312,29.0,-0.016,0
1665479814,14299332,True,362000,99883.168,361.58,-0.016,2
1665479814,14299333,True,852000,99884.106,851.01,-0.016,2
1665479814,14299334,True,351000,99884.996,350.6,-0.016,2
1665479814,14299335,True,741000,99885.02,740.15,-0.016,2
1665479814,14299336,True,733000,99885.442,732.16,-0.016,2
1665479814,14299337,True,1222000,99885.776,1220.6,-0.016,2
1665479814,14299338,True,702000,99886.4,701.2,-0.016,2
1665479814,14299339,True,1158000,99886.426,1156.68,-0.016,2
1665479814,14299340,True,718000,99887.182,717.19,-0.016,2
1665479814,14299341,True,7795275,99896.33,7787.19,-0.016,2
1665479848,14299342,False,15020,99801.975,14.99,-0.017,0
1665479890,14299343,False,202099,99787.415,201.67,-0.017,2
1665479925,14299344,False,11968,99783.346,11.94,-0.017,0
1665479941,14299345,True,301000,99831.46,300.49,-0.017,2
1665479941,14299346,True,1026000,99846.502,1024.43,-0.017,2
1665479941,14299347,True,746000,99846.585,744.86,-0.017,2
1665479941,14299348,True,722000,99846.736,720.89,-0.017,2
1665479941,14299349,True,1086895,99847.94,1085.24,-0.017,2
1665479969,14299350,True,603000,99921.373,602.53,-0.016,2
1665479969,14299351,True,584000,99921.65,583.54,-0.016,2
1665479969,14299352,True,809556,99922.812,808.93,-0.016,2
1665479969,14299353,True,94122,99922.812,94.05,-0.016,0
1665480026,14299354,False,30070,99788.592,30.01,-0.017,0
1665480028,14299355,False,527610,99788.592,526.49,-0.017,2
1665480042,14299356,False,687000,99795.526,685.6,-0.017,2
1665480042,14299357,False,357195,99794.128,356.46,-0.017,2
1665480124,14299358,False,251900,99793.506,251.38,-0.017,2
1665480205,14299359,False,71539,99790.0,71.39,-0.017,0
1665480373,14299360,False,28460,99790.0,28.4,-0.017,0
1665480373,14299361,False,46799,99779.24,46.7,-0.017,0
1665480526,14299362,True,291000,99822.667,290.48,-0.017,2
1665480526,14299363,True,109709,99823.661,109.52,-0.017,2
1665480571,14299364,True,273000,99822.498,272.52,-0.017,2
1665480571,14299365,True,285000,99824.083,284.5,-0.017,2
1665480571,14299366,True,101410,99827.186,101.24,-0.017,2
1665480587,14299367,True,200324,99837.98,200.0,-0.017,2
1665480636,14299368,True,118064,99835.296,117.87,-0.017,2
1665480706,14299369,True,30050,99833.456,30.0,-0.017,0
1665480713,14299370,False,498464,99779.24,497.36,-0.017,2
1665480750,14299371,True,47789,99833.558,47.71,-0.017,0
1665480835,14299372,True,50088,99823.012,50.0,-0.017,0
1665480878,14299373,False,18165,99779.24,18.12,-0.017,0
1665480895,14299374,True,2524,99809.437,2.52,-0.017,0
1665480909,14299375,False,194167,99779.24,193.74,-0.017,2
1665480972,14299376,True,1001950,99805.31,1000.0,-0.017,2
1665480975,14299377,False,654000,99790.217,652.63,-0.017,2
1665480975,14299378,False,668000,99789.062,666.59,-0.017,2
1665480975,14299379,False,541510,99779.24,540.31,-0.017,2
1665480991,14299380,False,751187,99779.24,749.53,-0.017,2
1665481014,14299381,True,50097,99805.31,50.0,-0.017,0
1665481018,14299382,False,448172,99779.24,447.18,-0.017,2
1665481018,14299383,False,2430000,99778.179,2424.61,-0.017,2
1665481018,14299384,False,1100,99750.0,1.1,-0.018,0
1665481018,14299385,False,4400,99749.99,4.39,-0.018,0
1665481018,14299386,False,1100,99700.0,1.1,-0.018,0
1665481018,14299387,False,11000,99700.0,10.97,-0.018,0
1665481018,14299388,False,1100,99699.99,1.1,-0.018,0
1665481018,14299389,False,1497000,99698.938,1492.49,-0.018,2
1665481018,14299390,False,1497000,99698.686,1492.49,-0.018,2
1665481018,14299391,False,1358000,99651.821,1353.27,-0.019,2
1665481018,14299392,False,968858,99651.414,965.48,-0.019,2
1665481036,14299393,True,9018,99797.274,9.0,-0.017,0
1665481048,14299394,False,1100,99650.0,1.1,-0.019,0
1665481048,14299395,False,1100,99649.99,1.1,-0.019,0
1665481048,14299396,False,14170,99601.562,14.11,-0.019,0
1665481059,14299397,False,2140,99606.235,2.13,-0.019,0
1665481098,14299398,True,9309,99788.082,9.29,-0.017,0
1665481103,14299399,True,91194,99786.337,91.0,-0.017,0
1665481136,14299400,True,100222,99778.338,100.0,-0.017,2
1665481148,14299401,True,16236,99773.953,16.2,-0.018,0
1665481200,14299402,True,4912,99752.674,4.9,-0.018,0
1665481238,14299403,True,1002563,99744.334,1000.0,-0.018,2
1665481322,14299404,True,3217,99767.11,3.21,-0.018,0
1665481401,14299405,True,501324,99735.881,500.0,-0.018,2
1665481597,14299406,True,60229,99617.65,60.0,-0.019,0
1665481742,14299407,False,34500,99611.33,34.37,-0.019,0
1665481784,14299408,False,11230,99611.33,11.19,-0.019,0
1665481887,14299409,True,501636,99673.74,500.0,-0.019,2
1665481938,14299410,True,601964,99673.73,600.0,-0.019,2
1665481967,14299411,True,200653,99673.74,200.0,-0.019,2
1665482007,14299412,False,52130,99668.201,51.96,-0.019,0
1665482044,14299413,True,90255,99717.0,90.0,-0.018,0
1665482121,14299414,True,1505020,99666.42,1500.0,-0.019,2
1665482194,14299415,True,501581,99684.63,500.0,-0.018,2
1665482214,14299416,True,3991,99684.63,3.98,-0.018,0
1665482276,14299417,True,50137,99724.8,50.0,-0.018,0
1665482278,14299418,True,501305,99739.66,500.0,-0.018,2
1665482286,14299419,True,5013050,99739.66,5000.0,-0.018,2
1665482319,14299420,False,1368290,99657.904,1363.61,-0.019,2
1665482322,14299421,True,50129,99742.33,50.0,-0.018,0
1665482373,14299422,True,1002681,99732.59,1000.0,-0.018,2
1665482374,14299423,False,54270,99647.283,54.08,-0.019,0
1665482425,14299424,True,100270,99730.309,100.0,-0.018,2
1665482543,14299425,True,40107,99732.59,40.0,-0.018,0
1665482563,14299426,True,55147,99732.59,55.0,-0.018,0
1665482617,14299427,False,12999,99664.925,12.96,-0.019,0
1665482703,14299428,True,68447,99755.879,68.28,-0.018,0
1665482721,14299429,False,13999,99663.679,13.95,-0.019,0
1665482762,14299430,False,356000,99624.359,354.66,-0.019,2
1665482775,14299431,True,42018,99693.492,41.89,-0.018,0
1665482888,14299432,True,100322,99677.268,100.0,-0.018,2
1665482901,14299433,True,316000,99686.406,315.01,-0.018,2
1665482901,14299434,True,1410000,99695.81,1405.71,-0.018,2
1665482901,14299435,True,3947380,99695.81,3935.37,-0.018,2
1665482905,14299436,True,200648,99676.76,200.0,-0.018,2
1665482915,14299437,True,50162,99676.76,50.0,-0.018,0
1665482944,14299438,True,50131,99737.56,50.0,-0.018,0
1665482947,14299439,True,190997,99713.34,190.45,-0.018,2
1665483066,14299440,True,25071,99713.34,25.0,-0.018,0
1665483117,14299441,True,100236,99764.06,100.0,-0.018,2
1665483120,14299442,False,100430,99681.438,100.11,-0.018,2
1665483235,14299443,False,2594000,99666.49,2585.35,-0.019,2
1665483235,14299444,False,33226,99666.168,33.12,-0.019,0
1665483248,14299445,False,489383,99671.614,487.78,-0.019,2
1665483268,14299446,True,200456,99771.7,200.0,-0.018,2
1665483279,14299447,True,501082,99783.9,500.0,-0.017,2
1665483309,14299448,True,125270,99783.9,125.0,-0.017,2
1665483323,14299449,False,578000,99701.644,576.28,-0.018,2
1665483323,14299450,False,591000,99700.226,589.23,-0.018,2
1665483323,14299451,False,1749080,99618.362,1742.4,-0.019,2
1665483335,14299452,False,2160000,99623.509,2151.87,-0.019,2
1665483335,14299453,False,1382000,99623.509,1376.8,-0.019,2
1665483335,14299454,False,408000,99623.137,406.46,-0.019,2
1665483369,14299455,True,154956,99766.36,154.59,-0.018,2
1665483381,14299456,False,79200,99647.409,78.92,-0.019,0
1665483403,14299457,True,70172,99754.107,70.0,-0.018,0
1665483508,14299458,True,1704,99723.436,1.7,-0.018,0
1665483567,14299459,True,200576,99712.681,200.0,-0.018,2
1665483577,14299460,True,100293,99707.616,100.0,-0.018,2
1665483599,14299461,True,2858,99696.44,2.85,-0.018,0
1665483633,14299462,False,175180,99611.33,174.5,-0.019,2
1665483717,14299463,True,120357,99702.846,120.0,-0.018,2
1665483890,14299464,False,595890,99658.715,593.86,-0.019,2
1665483933,14299465,True,50119,99761.92,50.0,-0.018,0
1665483948,14299466,True,29053,99761.92,28.98,-0.018,0
1665483948,14299467,True,121229,99824.346,121.02,-0.017,2
1665484010,14299468,True,7362,99828.643,7.35,-0.017,0
1665484049,14299469,True,50084,99830.257,50.0,-0.017,0
1665484073,14299470,True,10017,99826.328,10.0,-0.017,0
1665484116,14299471,True,4588,99819.096,4.58,-0.017,0
1665484150,14299472,True,10619,99813.399,10.6,-0.017,0
1665484152,14299473,True,100186,99813.399,100.0,-0.017,2
1665484300,14299474,True,123481,99804.68,123.24,-0.017,2
1665484334,14299475,True,445917,99798.759,445.02,-0.017,2
1665484351,14299476,True,1503093,99794.201,1500.0,-0.017,2
1665484439,14299477,True,200426,99787.162,200.0,-0.017,2
1665484514,14299478,True,257298,99755.677,256.67,-0.018,2
1665484538,14299479,False,98244,99659.0,97.91,-0.019,0
1665484538,14299480,False,49940,99640.486,49.76,-0.019,0
1665484567,14299481,False,239280,99653.49,238.45,-0.019,2
1665484634,14299482,True,85596,99770.17,85.4,-0.018,0
1665484662,14299483,False,125621,99688.742,125.23,-0.018,2
1665484739,14299484,True,49905,99769.112,49.79,-0.018,0
1665484739,14299485,True,50325,99769.112,50.21,-0.018,0
1665484752,14299486,True,5011,99770.17,5.0,-0.018,0
1665484779,14299487,True,100231,99768.625,100.0,-0.018,2
1665484785,14299488,True,377000,99767.16,376.12,-0.018,2
1665484785,14299489,True,1759423,99770.17,1755.38,-0.018,2
1665484785,14299490,True,2300000,99794.475,2295.27,-0.017,2
1665484785,14299491,True,574406,99794.475,573.23,-0.017,2
1665484796,14299492,True,150313,99791.608,150.0,-0.017,2
1665484815,14299493,False,501166,99767.15,500.0,-0.018,2
1665484815,14299494,False,4884,99690.51,4.87,-0.018,0
1665484901,14299495,True,13388,99784.95,13.36,-0.017,0
1665485054,14299496,True,19571,99812.7,19.53,-0.017,0
1665485080,14299497,True,462749,99840.16,462.01,-0.017,2
1665485285,14299498,True,75117,99843.2,75.0,-0.017,0
1665485310,14299499,False,72829,99814.82,72.69,-0.017,0
1665485323,14299500,True,50073,99851.05,50.0,-0.017,0
1665485334,14299501,True,4015,99851.05,4.01,-0.017,0
1665485368,14299502,True,500574,99885.3,500.0,-0.016,2
1665485372,14299503,True,450516,99885.3,450.0,-0.016,2
1665485409,14299504,True,140068,99865.135,139.88,-0.017,2
1665485409,14299505,False,11130,99790.764,11.11,-0.017,0
1665485424,14299506,False,587000,99796.249,585.8,-0.017,2
1665485424,14299507,False,581000,99795.271,579.81,-0.017,2
1665485424,14299508,False,1199000,99794.961,1196.54,-0.017,2
1665485424,14299509,False,1081070,99794.905,1078.85,-0.017,2
1665485431,14299510,False,1980,99798.031,1.98,-0.017,0
1665485442,14299511,True,70095,99863.666,70.0,-0.017,0
1665485448,14299512,True,43931,99860.316,43.87,-0.017,0
1665485459,14299513,True,11015,99856.173,11.0,-0.017,0
1665485606,14299514,False,1820000,99787.429,1816.13,-0.017,2
1665485606,14299515,False,543000,99787.429,541.85,-0.017,2
1665485606,14299516,False,939000,99784.0,936.97,-0.017,2
1665485691,14299517,True,1502090,99860.84,1500.0,-0.017,2
1665485799,14299518,True,1001,99863.393,1.0,-0.017,0
1665485840,14299519,True,10014,99856.239,10.0,-0.017,0
1665485851,14299520,True,50071,99854.391,50.0,-0.017,0
1665485875,14299521,False,2362000,99846.239,2358.37,-0.017,2
1665485942,14299522,True,797000,99846.239,795.77,-0.017,2
1665485942,14299523,True,780000,99846.239,778.8,-0.017,2
1665485942,14299524,True,386000,99846.239,385.41,-0.017,2
1665485942,14299525,True,1763000,99847.778,1760.32,-0.017,2
1665485942,14299526,True,1329000,99847.997,1326.98,-0.017,2
1665485942,14299527,True,1619000,99849.633,1616.57,-0.017,2
1665485942,14299528,True,921592,99850.659,920.22,-0.017,2
1665485960,14299529,True,641000,99855.748,640.08,-0.017,2
1665485960,14299530,True,1081000,99856.643,1079.45,-0.017,2
1665485960,14299531,True,481164,99856.662,480.47,-0.017,2
1665486004,14299532,True,50071,99855.597,50.0,-0.017,0
1665486112,14299533,False,272510,99825.635,272.03,-0.017,2
1665486157,14299534,True,5000415,99991.7,5000.0,-0.015,2
1665486205,14299535,True,7171,99984.117,7.17,-0.015,0
1665486225,14299536,False,10750,99856.303,10.73,-0.017,0
1665486253,14299537,True,106827,99964.79,106.79,-0.016,2
1665486284,14299538,True,307542,99953.544,307.4,-0.016,2
1665486325,14299539,False,1249000,99858.677,1247.23,-0.017,2
1665486325,14299540,False,618000,99858.537,617.13,-0.017,2
1665486325,14299541,False,2310000,99857.293,2306.7,-0.017,2
1665486325,14299542,False,605000,99857.293,604.14,-0.017,2
1665486325,14299543,False,1439086,99853.59,1436.98,-0.017,2
1665486325,14299544,False,8713,99845.99,8.7,-0.017,0
1665486325,14299545,False,1992143,99804.959,1988.26,-0.017,2
1665486397,14299546,True,330000,99946.297,329.82,-0.016,2
1665486397,14299547,True,661000,99947.389,660.65,-0.016,2
1665486397,14299548,True,668000,99948.164,667.65,-0.016,2
1665486397,14299549,True,1342556,99948.938,1341.87,-0.016,2
1665486406,14299550,False,7059,99807.134,7.05,-0.017,0
1665486421,14299551,False,109872,99813.555,109.67,-0.017,2
1665486468,14299552,True,50438,99984.11,50.43,-0.015,0
1665486501,14299553,False,86983,99845.991,86.85,-0.017,0
1665486514,14299554,True,29999,99984.11,30.0,-0.015,0
1665486522,14299555,True,2000,99984.11,2.0,-0.015,0
1665486524,14299556,True,207873,99984.11,207.84,-0.015,2
1665486562,14299557,True,7470,99982.282,7.47,-0.015,0
1665486567,14299558,False,194810,99873.82,194.56,-0.017,2
1665486567,14299559,True,75013,99982.282,75.0,-0.015,0
1665486580,14299560,True,100017,99982.387,100.0,-0.015,2
1665486606,14299561,False,1496000,99892.724,1494.4,-0.016,2
1665486606,14299562,False,1273000,99892.184,1271.63,-0.016,2
1665486606,14299563,False,643000,99891.892,642.3,-0.016,2
1665486606,14299564,False,588000,99891.634,587.36,-0.016,2
1665486623,14299565,True,2101410,99980.924,2101.01,-0.015,2
1665486637,14299566,True,1880,99984.11,1.88,-0.015,0
1665486666,14299567,True,1200292,99975.62,1200.0,-0.016,2
1665486685,14299568,True,5001,99968.566,5.0,-0.016,0
1665486708,14299569,True,369000,99974.896,368.91,-0.016,2
1665486708,14299570,True,700000,99976.956,699.84,-0.016,2
1665486708,14299571,True,868000,99976.988,867.8,-0.016,2
1665486708,14299572,True,708000,99977.136,707.84,-0.016,2
1665486708,14299573,True,877000,99977.721,876.8,-0.016,2
1665486708,14299574,True,685000,99977.95,684.85,-0.016,2
1665486708,14299575,True,685000,99978.596,684.85,-0.016,2
1665486708,14299576,True,813000,99979.313,812.83,-0.016,2
1665486708,14299577,True,79809,99984.11,79.8,-0.015,0
1665486708,14299578,True,133541,99984.11,133.52,-0.015,2
1665486712,14299579,True,5001,99972.042,5.0,-0.016,0
1665486726,14299580,True,17563,99980.722,17.56,-0.015,0
1665486756,14299581,True,1090,99984.11,1.09,-0.015,0
1665486762,14299582,True,1000158,99984.11,1000.0,-0.015,2
1665486777,14299583,False,3283880,99807.585,3277.56,-0.017,2
1665486796,14299584,False,400990,99814.864,400.25,-0.017,2
1665486833,14299585,True,150035,99976.291,150.0,-0.016,2
1665486872,14299586,True,10003,99965.583,10.0,-0.016,0
1665486890,14299587,True,302000,99974.806,301.92,-0.016,2
1665486890,14299588,True,240672,99976.2,240.61,-0.016,2
1665486890,14299589,True,312000,99976.2,311.93,-0.016,2
1665486890,14299590,True,145566,99978.85,145.54,-0.016,2
1665486904,14299591,True,90028,99968.452,90.0,-0.016,0
1665486945,14299592,False,287990,99827.94,287.49,-0.017,2
1665487103,14299593,True,46011,99975.86,46.0,-0.016,0
1665487208,14299594,True,3989,99975.86,3.99,-0.016,0
1665487208,14299595,True,23547,99975.86,23.54,-0.016,0
1665487272,14299596,False,2148000,99889.004,2145.62,-0.016,2
1665487298,14299597,True,100034,99975.86,100.01,-0.016,2
1665487320,14299598,True,296000,99970.751,295.91,-0.016,2
1665487320,14299599,True,204143,99971.933,204.09,-0.016,2
1665487332,14299600,False,67880,99801.46,67.75,-0.017,0
1665487342,14299601,False,100200,99805.044,100.0,-0.017,2
1665487372,14299602,False,37670,99815.505,37.6,-0.017,0
1665487398,14299603,True,10004,99951.309,10.0,-0.016,0
1665487419,14299604,True,100056,99943.622,100.0,-0.016,2
1665487442,14299605,True,4002,99943.622,4.0,-0.016,0
1665487469,14299606,True,37644,99952.967,37.63,-0.016,0
1665487469,14299607,True,62403,99952.967,62.37,-0.016,0
1665487483,14299608,True,119055,99952.967,119.0,-0.016,2
1665487547,14299609,False,10224,99952.96,10.22,-0.016,0
1665487547,14299610,False,162975,99839.403,162.71,-0.017,2
1665487571,14299611,False,29999,99848.74,29.95,-0.017,0
1665487600,14299612,True,100047,99952.967,100.0,-0.016,2
1665487633,14299613,True,6592,99968.004,6.59,-0.016,0
1665487772,14299614,False,250339,99846.881,249.96,-0.017,2
1665487786,14299615,True,59514,99975.86,59.5,-0.016,0
1665487791,14299616,True,248258,99975.86,248.2,-0.016,2
1665487826,14299617,False,329970,99869.882,329.54,-0.017,2
1665487886,14299618,True,250060,99975.86,250.0,-0.016,2
1665487905,14299619,False,10621,99907.515,10.61,-0.016,0
1665487936,14299620,True,100023,99975.858,100.0,-0.016,2
1665487951,14299621,True,50014,99971.521,50.0,-0.016,0
1665487967,14299622,False,199294,99827.984,198.95,-0.017,2
1665487972,14299623,True,250076,99969.585,250.0,-0.016,2
1665487975,14299624,True,31659,99969.582,31.65,-0.016,0
1665487975,14299625,True,50015,99969.582,50.0,-0.016,0
1665488006,14299626,False,848329,99842.386,846.99,-0.017,2
1665488052,14299627,True,18006115,99966.034,18000.0,-0.016,2
1665488060,14299628,True,100034,99964.945,100.0,-0.016,2
1665488079,14299629,True,1610000,99964.928,1609.44,-0.016,2
1665488079,14299630,True,27815752,99964.928,27806.0,-0.016,1
1665488079,14299631,True,3002375,99964.931,3001.32,-0.016,2
1665488079,14299632,True,5000000,99968.99,4998.45,-0.016,2
1665488079,14299633,True,97949,99969.0,97.92,-0.016,0
1665488079,14299634,True,581171,99973.925,581.02,-0.016,2
1665488139,14299635,True,26453,99975.86,26.45,-0.016,0
1665488139,14299636,True,305341,99984.11,305.29,-0.015,2
1665488150,14299637,True,500079,99984.1,500.0,-0.015,2
1665488179,14299638,True,5000000,99984.1,4999.21,-0.015,2
1665488179,14299639,True,1214487,99984.11,1214.29,-0.015,2
1665488184,14299640,False,30090,99979.83,30.08,-0.015,0
1665488217,14299641,True,34615,99984.1,34.61,-0.015,0
1665488301,14299642,False,405059,99976.427,404.96,-0.016,2
1665488337,14299643,True,1000159,99984.1,1000.0,-0.015,2
1665488368,14299644,True,100015,99984.1,100.0,-0.015,2
1665488398,14299645,True,761000,99977.54,760.83,-0.016,2
1665488398,14299646,True,300000,99977.54,299.93,-0.016,2
1665488398,14299647,True,5000000,99984.1,4999.21,-0.015,2
1665488398,14299648,True,635383,99984.11,635.28,-0.015,2
1665488398,14299649,True,3304751,99999.998,3304.75,-0.015,2
1665488409,14299650,False,8850,99977.54,8.85,-0.016,0
1665488409,14299651,False,5430,99969.54,5.43,-0.016,0
1665488474,14299652,True,5000000,99981.839,4999.09,-0.015,2
1665488474,14299653,True,740000,99981.849,739.87,-0.015,2
1665488474,14299654,True,1018000,99983.02,1017.83,-0.015,2
1665488474,14299655,True,292000,99983.74,291.95,-0.015,2
1665488474,14299656,True,579000,99983.984,578.91,-0.015,2
1665488474,14299657,True,17585207,99984.846,17582.54,-0.015,2
1665488474,14299658,True,17571952,99984.849,17569.29,-0.015,2
1665488474,14299659,True,17571952,99984.85,17569.29,-0.015,2
1665488474,14299660,True,1027999,99985.054,1027.85,-0.015,2
1665488501,14299661,False,750000,99986.57,749.9,-0.015,2
1665488565,14299662,True,800000,99999.99,800.0,-0.015,2
1665488590,14299663,False,600493,99986.57,600.41,-0.015,2
1665488590,14299664,False,400619,99970.552,400.5,-0.016,2
1665488603,14299665,True,5000000,99999.99,5000.0,-0.015,2
1665488618,14299666,True,50000,100000.0,50.0,-0.015,0
1665488730,14299667,False,323002,100000.0,323.0,-0.015,2
1665488733,14299668,False,66000,100000.0,66.0,-0.015,0
1665488771,14299669,True,370000,100000.0,370.0,-0.015,2
1665488777,14299670,False,25339,99999.99,25.34,-0.015,0
1665488784,14299671,False,638000,100000.0,638.0,-0.015,2
1665488784,14299672,False,1582000,100000.0,1582.0,-0.015,2
1665488784,14299673,False,1667000,100000.0,1667.0,-0.015,2
1665488784,14299674,False,1332000,100000.0,1332.0,-0.015,2
1665488784,14299675,False,2245000,100000.0,2245.0,-0.015,2
1665488784,14299676,False,2316000,100000.0,2316.0,-0.015,2
1665488784,14299677,False,2765000,100000.0,2765.0,-0.015,2
1665488784,14299678,False,2455000,99999.99,2455.0,-0.015,2
1665488792,14299679,False,14999999,99999.99,15000.0,-0.015,2
1665488801,14299680,True,500000,100000.0,500.0,-0.015,2
1665488817,14299681,False,14949926,99999.99,14949.92,-0.015,2
1665488825,14299682,False,2569734,99999.99,2569.73,-0.015,2
1665488831,14299683,False,1,99999.99,0.0,-0.015,0
1665488864,14299684,False,67152,99969.54,67.13,-0.016,0
1665488864,14299685,False,40516,99937.104,40.49,-0.016,0
1665488886,14299686,True,1000665,99933.524,1000.0,-0.016,2
1665488917,14299687,True,29789,99864.15,29.75,-0.017,0
1665488950,14299688,True,25354,99864.15,25.32,-0.017,0
1665488963,14299689,False,15559,99836.947,15.53,-0.017,0
1665489003,14299690,True,100136,99864.15,100.0,-0.017,2
1665489031,14299691,False,577770,99820.0,576.73,-0.017,2
1665489076,14299692,True,29799,99864.15,29.76,-0.017,0
1665489106,14299693,True,200360,99820.01,200.0,-0.017,2
1665489119,14299694,False,300540,99820.0,300.0,-0.017,2
1665489119,14299695,False,891179,99784.0,889.26,-0.017,2
1665489137,14299696,True,751352,99820.01,750.0,-0.017,2
1665489161,14299697,True,150273,99818.206,150.0,-0.017,2
1665489185,14299698,False,1334131,99784.0,1331.25,-0.017,2
1665489195,14299699,True,3906,99818.223,3.9,-0.017,0
1665489221,14299700,True,46828,99790.65,46.73,-0.017,0
1665489261,14299701,True,1002097,99790.65,1000.0,-0.017,2
1665489355,14299702,True,93626,99843.14,93.48,-0.017,0
1665489367,14299703,False,551000,99806.731,549.94,-0.017,2
1665489367,14299704,False,1138000,99806.712,1135.8,-0.017,2
1665489367,14299705,False,240198,99806.666,239.73,-0.017,2
1665489466,14299706,True,200394,99803.26,200.0,-0.017,2
1665489500,14299707,True,50098,99803.26,50.0,-0.017,0
1665489543,14299708,True,1001999,99843.1,1000.43,-0.017,2
1665489586,14299709,True,222343,99843.1,221.99,-0.017,2
1665489590,14299710,True,499580,100084.0,500.0,-0.014,2
1665489637,14299711,True,99800,100200.0,100.0,-0.013,2
1665489781,14299712,True,400174,99956.32,400.0,-0.016,2
1665489822,14299713,True,500218,99956.32,500.0,-0.016,2
1665489834,14299714,True,7373,99956.32,7.37,-0.016,0
1665489858,14299715,True,100062,99937.4,100.0,-0.016,2
1665489858,14299716,True,1000626,99937.4,1000.0,-0.016,2
1665489954,14299717,False,536000,99941.607,535.69,-0.016,2
1665489954,14299718,False,673355,99941.318,672.96,-0.016,2
1665489998,14299719,False,786050,99959.714,785.73,-0.016,2
1665490026,14299720,True,15580,100052.93,15.59,-0.015,0
1665490040,14299721,True,4997,100052.93,5.0,-0.015,0
1665490065,14299722,True,149920,100052.93,150.0,-0.015,2
1665490102,14299723,True,622276,100052.93,622.61,-0.015,2
1665490112,14299724,True,194796,100052.93,194.9,-0.015,2
1665490113,14299725,True,499735,100052.93,500.0,-0.015,2
1665490128,14299726,True,92521,100052.93,92.57,-0.015,0
1665490146,14299727,True,286318,100052.93,286.47,-0.015,2
1665490162,14299728,True,21628,100052.93,21.64,-0.015,0
1665490165,14299729,True,2000000,100052.93,2001.06,-0.015,2
1665490165,14299730,True,23856,100052.93,23.87,-0.015,0
1665490194,14299731,False,595000,100047.846,595.28,-0.015,2
1665490201,14299732,True,10737,100168.57,10.76,-0.014,0
1665490201,14299733,True,987575,100169.0,989.24,-0.014,2
1665490223,14299734,False,24910,100057.03,24.92,-0.015,0
1665490254,14299735,True,19963,100182.704,20.0,-0.013,0
1665490272,14299736,False,1029540,100058.591,1030.14,-0.015,2
1665490346,14299737,True,499149,100170.521,500.0,-0.014,2
1665490357,14299738,True,26324,100170.521,26.37,-0.014,0
1665490437,14299739,False,1041000,100061.92,1041.64,-0.015,2
1665490437,14299740,False,218505,100061.825,218.64,-0.015,2
1665490521,14299741,False,3000000,100094.415,3002.83,-0.014,2
1665490588,14299742,True,500688,100200.0,501.69,-0.013,2
1665490588,14299743,True,449999,100200.0,450.9,-0.013,2
1665490588,14299744,True,10194,100200.0,10.21,-0.013,0
1665490588,14299745,True,805527,100305.19,807.99,-0.012,2
1665490590,14299746,False,25420,100125.821,25.45,-0.014,0
1665490626,14299747,True,996,100354.718,1.0,-0.012,0
1665490749,14299748,True,100000,100360.0,100.36,-0.012,2
1665490749,14299749,True,273275,100499.48,274.64,-0.01,2
1665490786,14299750,True,49753,100496.367,50.0,-0.01,0
1665490808,14299751,True,49709,100584.811,50.0,-0.0095,0
1665490830,14299752,True,1440291,100584.811,1448.71,-0.0095,2
1665490830,14299753,True,398000,100636.424,400.53,-0.009,2
1665490830,14299754,True,218505,100645.135,219.91,-0.0089,2
1665490830,14299755,True,434000,100666.157,436.89,-0.0087,2
1665490830,14299756,True,1447000,100666.601,1456.65,-0.0087,2
1665490830,14299757,True,117746,100666.901,118.53,-0.0087,2
1665490846,14299758,True,1988289,100588.94,2000.0,-0.0095,2
1665490912,14299759,True,149048,100638.52,150.0,-0.009,2
1665490930,14299760,True,158973,100645.539,160.0,-0.0089,2
1665490934,14299761,True,19871,100646.443,20.0,-0.0089,0
1665490946,14299762,True,198678,100665.246,200.0,-0.0087,2
1665490957,14299763,True,99337,100666.823,100.0,-0.0087,2
1665490959,14299764,True,49624,100754.625,50.0,-0.0079,0
1665490991,14299765,True,7851,100747.716,7.91,-0.0079,0
1665491005,14299766,False,1274000,100493.077,1280.28,-0.01,2
1665491005,14299767,False,13428190,100492.311,13494.3,-0.01,2
1665491054,14299768,True,14894,100703.076,15.0,-0.0084,0
1665491063,14299769,False,292000,100515.987,293.51,-0.01,2
1665491146,14299770,True,9925,100753.091,10.0,-0.0079,0
1665491157,14299771,False,1186000,100567.053,1192.73,-0.0097,2
1665491160,14299772,False,500000,100568.895,502.84,-0.0097,2
1665491253,14299773,True,21847,100772.823,22.02,-0.0077,0
1665491253,14299774,True,16149,100833.062,16.28,-0.0071,0
1665491347,14299775,False,1000,100677.858,1.01,-0.0086,0
1665491369,14299776,True,1000,100700.0,1.01,-0.0084,0
1665491369,14299777,True,1000,100800.0,1.01,-0.0074,0
1665491369,14299778,True,413000,100821.32,416.39,-0.0072,2
1665491369,14299779,True,395000,100822.722,398.25,-0.0072,2
1665491369,14299780,True,809000,100826.578,815.69,-0.0072,2
1665491369,14299781,True,1392000,100827.594,1403.52,-0.0071,2
1665491369,14299782,True,959999,100827.772,967.95,-0.0071,2
1665491369,14299783,True,959999,100827.804,967.95,-0.0071,2
1665491369,14299784,True,1392000,100828.83,1403.54,-0.0071,2
1665491369,14299785,True,970000,100829.147,978.04,-0.0071,2
1665491369,14299786,True,1034000,100829.454,1042.58,-0.0071,2
1665491369,14299787,True,791000,100831.368,797.58,-0.0071,2
1665491369,14299788,True,1363000,100832.399,1374.35,-0.0071,2
1665491369,14299789,True,1319000,100833.452,1329.99,-0.0071,2
1665491369,14299790,True,14614190,100834.912,14736.21,-0.0071,2
1665491369,14299791,True,25000000,100847.59,25211.9,-0.007,1
1665491369,14299792,True,17420000,100850.0,17568.07,-0.0069,2
1665491369,14299793,True,1827000,100900.004,1843.44,-0.0064,2
1665491369,14299794,True,1827000,100901.347,1843.47,-0.0064,2
1665491369,14299795,True,1790000,100901.605,1806.14,-0.0064,2
1665491369,14299796,True,47568349,100906.0,47999.32,-0.0064,1
1665491379,14299797,True,19727,100819.823,19.89,-0.0072,0
1665491385,14299798,False,735770,100660.993,740.63,-0.0088,2
1665491402,14299799,False,66880,100686.106,67.34,-0.0085,0
1665491421,14299800,True,20000,100833.06,20.17,-0.0071,0
1665491421,14299801,True,475809,100845.6,479.83,-0.007,2
1665491592,14299802,False,2540000,100672.212,2557.07,-0.0087,2
1665491592,14299803,False,1506000,100672.212,1516.12,-0.0087,2
1665491592,14299804,False,1539000,100670.486,1549.32,-0.0087,2
1665491592,14299805,False,669000,100670.479,673.49,-0.0087,2
1665491592,14299806,False,1255000,100670.397,1263.41,-0.0087,2
1665491592,14299807,False,1324000,100670.129,1332.87,-0.0087,2
1665491592,14299808,False,1296000,100669.16,1304.67,-0.0087,2
1665491592,14299809,False,1352000,100668.899,1361.04,-0.0087,2
1665491592,14299810,False,8501392,100637.345,8555.58,-0.009,2
1665491598,14299811,True,34209,100847.816,34.5,-0.0069,0
1665491625,14299812,True,1255022,100838.797,1265.55,-0.007,2
1665491645,14299813,False,6719,100690.528,6.77,-0.0085,0
1665491676,14299814,False,1321620,100700.027,1330.87,-0.0084,2
1665491677,14299815,True,3966,100849.135,4.0,-0.0069,0
1665491686,14299816,False,598000,100704.152,602.21,-0.0084,2
1665491686,14299817,False,1420000,100703.744,1429.99,-0.0084,2
1665491686,14299818,False,94000,100703.744,94.66,-0.0084,0
1665491740,14299819,False,1799999,100663.366,1811.94,-0.0088,2
1665491740,14299820,False,555000,100663.366,558.68,-0.0088,2
1665491740,14299821,False,1135000,100662.802,1142.52,-0.0088,2
1665491754,14299822,True,158952,100659.3,160.0,-0.0088,2
1665491831,14299823,True,1986900,100659.3,2000.0,-0.0088,2
1665491841,14299824,True,496999,100659.3,500.28,-0.0088,2
1665491873,14299825,True,10182,100659.3,10.25,-0.0088,0
1665491891,14299826,False,110580,100498.641,111.13,-0.01,2
1665491893,14299827,True,248462,100618.35,250.0,-0.0092,2
1665491894,14299828,True,5933,100618.35,5.97,-0.0092,0
1665491898,14299829,False,652530,100501.727,655.8,-0.01,2
1665491917,14299830,False,1280022,100508.959,1286.54,-0.01,2
1665491991,14299831,True,2484,100641.054,2.5,-0.009,0
1665491996,14299832,False,944628,100522.778,949.57,-0.01,2
1665492035,14299833,True,198725,100641.054,200.0,-0.009,2
1665492041,14299834,True,9936,100641.054,10.0,-0.009,0
1665492069,14299835,True,1569999,100641.054,1580.06,-0.009,2
1665492069,14299836,True,417250,100641.054,419.92,-0.009,2
1665492086,14299837,False,100000,100517.745,100.52,-0.01,2
1665492144,14299838,True,649079,100641.054,653.24,-0.009,2
1665492156,14299839,False,209740,100525.713,210.84,-0.01,2
1665492174,14299840,False,100000,100515.938,100.52,-0.01,2
1665492184,14299841,False,217039,100520.053,218.17,-0.01,2
1665492197,14299842,True,16224,100641.054,16.33,-0.009,0
1665492202,14299843,False,216780,100524.19,217.92,-0.01,2
1665492270,14299844,True,113164,100641.054,113.89,-0.009,2
1665492294,14299845,True,1569999,100641.054,1580.06,-0.009,2
1665492294,14299846,True,417260,100641.054,419.93,-0.009,2
1665492314,14299847,True,1331,100639.156,1.34,-0.009,0
1665492322,14299848,True,5564,100641.054,5.6,-0.009,0
1665492353,14299849,True,2980890,100641.054,3000.0,-0.009,2
1665492357,14299850,True,99362,100641.054,100.0,-0.009,2
1665492411,14299851,False,496820,100555.971,499.58,-0.0098,2
1665492487,14299852,True,149044,100641.054,150.0,-0.009,2
1665492537,14299853,True,165136,100641.054,166.19,-0.009,2
1665492537,14299854,True,83271,100641.054,83.8,-0.009,0
1665492550,14299855,True,3430619,100641.054,3452.61,-0.009,2
1665492550,14299856,True,1000000,100707.537,1007.08,-0.0083,2
1665492550,14299857,True,398000,100707.547,400.82,-0.0083,2
1665492550,14299858,True,822000,100726.107,827.97,-0.0081,2
1665492550,14299859,True,210013,100726.211,211.54,-0.0081,2
1665492579,14299860,False,1364000,100549.504,1371.5,-0.0099,2
1665492579,14299861,False,516500,100548.802,519.33,-0.0099,2
1665492625,14299862,True,32395,100816.814,32.66,-0.0073,0
1665492636,14299863,False,528000,100644.605,531.4,-0.009,2
1665492636,14299864,False,803478,100643.448,808.65,-0.009,2
1665492639,14299865,True,417000,100811.206,420.38,-0.0073,2
1665492639,14299866,True,2000000,100812.383,2016.25,-0.0073,2
1665492639,14299867,True,410000,100812.393,413.33,-0.0073,2
1665492639,14299868,True,817000,100833.3,823.81,-0.0071,2
1665492639,14299869,True,835000,100833.814,841.96,-0.0071,2
1665492639,14299870,True,1617000,100841.845,1630.61,-0.007,2
1665492639,14299871,True,1743000,100842.304,1757.68,-0.007,2
1665492639,14299872,True,1761000,100843.583,1775.86,-0.007,2
1665492639,14299873,True,317440,100843.698,320.12,-0.007,2
1665492653,14299874,False,528418,100648.255,531.84,-0.0089,2
1665492708,14299875,False,22905,100671.563,23.06,-0.0087,0
1665492725,14299876,True,148767,100828.601,150.0,-0.0071,2
1665492763,14299877,False,1214000,100686.18,1222.33,-0.0085,2
1665492763,14299878,False,354527,100685.747,356.96,-0.0085,2
1665492782,14299879,True,2310000,100827.19,2329.11,-0.0072,2
1665492782,14299880,True,665387,100827.19,670.89,-0.0072,2
1665492800,14299881,True,19852,100744.54,20.0,-0.008,0
1665492806,14299882,False,9935,100645.79,10.0,-0.0089,0
1665492806,14299883,False,574000,100611.368,577.51,-0.0093,2
1665492806,14299884,False,2500000,100608.1,2515.2,-0.0093,2
1665492806,14299885,False,1364000,100552.538,1371.54,-0.0099,2
1665492806,14299886,False,990184,100551.264,995.64,-0.0099,2
1665492854,14299887,True,496873,100641.31,500.06,-0.009,2
1665492877,14299888,False,24840,100549.331,24.98,-0.0099,0
1665492900,14299889,True,1820000,100704.473,1832.82,-0.0084,2
1665492900,14299890,True,1239000,100704.473,1247.73,-0.0084,2
1665492900,14299891,True,383000,100705.043,385.7,-0.0084,2
1665492900,14299892,True,719000,100705.352,724.07,-0.0084,2
1665492900,14299893,True,882000,100705.428,888.22,-0.0084,2
1665492900,14299894,True,719000,100705.64,724.07,-0.0083,2
1665492900,14299895,True,1265000,100705.725,1273.93,-0.0083,2
1665492900,14299896,True,892000,100706.366,898.3,-0.0083,2
1665492900,14299897,True,2010943,100706.702,2025.15,-0.0083,2
1665492985,14299898,True,25670,100542.7,25.81,-0.01,0
1665493002,14299899,False,1496000,100514.163,1503.69,-0.01,2
1665493018,14299900,False,625000,100519.117,628.24,-0.01,2
1665493018,14299901,False,1224000,100518.618,1230.35,-0.01,2
1665493018,14299902,False,488951,100515.195,491.47,-0.01,2
1665493019,14299903,True,19893,100533.0,20.0,-0.01,0
1665493038,14299904,True,10165,100533.0,10.22,-0.01,0
1665493104,14299905,False,3944599,100508.95,3964.68,-0.01,2
1665493112,14299906,True,857000,100531.106,861.55,-0.01,2
1665493112,14299907,True,865999,100531.742,870.6,-0.01,2
1665493112,14299908,True,3761906,100533.0,3781.96,-0.01,2
1665493112,14299909,True,335000,100539.563,336.81,-0.01,2
1665493112,14299910,True,335000,100541.235,336.81,-0.01,2
1665493112,14299911,True,807880,100542.7,812.26,-0.01,2
1665493187,14299912,False,11055401,100508.95,11111.67,-0.01,2
1665493187,14299913,False,1211000,100471.897,1216.71,-0.011,2
1665493187,14299914,False,1185000,100470.928,1190.58,-0.011,2
1665493187,14299915,False,1422000,100470.858,1428.7,-0.011,2
1665493187,14299916,False,1172000,100470.588,1177.52,-0.011,2
1665493187,14299917,False,625000,100470.087,627.94,-0.011,2
1665493187,14299918,False,1485000,100469.144,1491.97,-0.011,2
1665493187,14299919,False,1532000,100466.181,1539.14,-0.011,2
1665493187,14299920,False,4400000,100314.502,4413.84,-0.012,2
1665493187,14299921,False,2084000,100314.502,2090.55,-0.012,2
1665493187,14299922,False,4910000,100314.218,4925.43,-0.012,2
1665493187,14299923,False,1149162,100314.218,1152.77,-0.012,2
1665493261,14299924,True,429000,100441.268,430.89,-0.011,2
1665493261,14299925,True,4509086,100444.01,4529.11,-0.011,2
1665493314,14299926,False,1062577,100273.19,1065.48,-0.013,2
1665493322,14299927,True,49792,100416.963,50.0,-0.011,0
1665493332,14299928,False,2288000,100261.703,2293.99,-0.013,2
1665493332,14299929,False,1268000,100261.656,1271.32,-0.013,2
1665493332,14299930,False,1056000,100261.652,1058.76,-0.013,2
1665493332,14299931,False,1254000,100261.3,1257.28,-0.013,2
1665493332,14299932,False,1056000,100260.776,1058.75,-0.013,2
1665493332,14299933,False,78000,100260.352,78.2,-0.013,0
1665493350,14299934,True,37865,100355.32,38.0,-0.012,0
1665493352,14299935,False,19995,100229.7,20.04,-0.013,0
1665493376,14299936,True,59296,100343.571,59.5,-0.012,0
1665493382,14299937,True,199318,100342.128,200.0,-0.012,2
1665493482,14299938,False,1134000,100188.178,1136.13,-0.013,2
1665493482,14299939,False,1984000,100187.961,1987.73,-0.013,2
1665493482,14299940,False,975000,100187.609,976.83,-0.013,2
1665493482,14299941,False,915000,100187.526,916.72,-0.013,2
1665493482,14299942,False,452000,100187.074,452.85,-0.013,2
1665493482,14299943,False,925000,100186.522,926.73,-0.013,2
1665493482,14299944,False,1559000,100186.331,1561.9,-0.013,2
1665493482,14299945,False,1075000,100185.79,1077.0,-0.013,2
1665493482,14299946,False,1509000,100185.73,1511.8,-0.013,2
1665493482,14299947,False,925000,100185.707,926.72,-0.013,2
1665493482,14299948,False,466999,100185.525,467.87,-0.013,2
1665493482,14299949,False,1941000,100185.187,1944.59,-0.013,2
1665493482,14299950,False,1543000,100185.012,1545.85,-0.013,2
1665493482,14299951,False,9510760,100124.466,9522.6,-0.014,2
1665493528,14299952,False,7847079,100134.147,7857.61,-0.014,2
1665493606,14299953,False,16882490,100154.14,16908.51,-0.014,2
1665493631,14299954,False,215912,100154.14,216.24,-0.014,2
1665493633,14299955,True,199474,100263.684,200.0,-0.013,2
1665493654,14299956,True,39896,100258.57,40.0,-0.013,0
1665493660,14299957,True,2653,100256.142,2.66,-0.013,0
1665493665,14299958,False,8960,100154.14,8.97,-0.014,0
1665493724,14299959,True,29929,100234.383,30.0,-0.013,0
1665493728,14299960,True,19953,100233.915,20.0,-0.013,0
1665493735,14299961,False,897420,100154.14,898.8,-0.014,2
1665493736,14299962,True,1785,100231.414,1.79,-0.013,0
1665493753,14299963,False,2268240,100154.14,2271.74,-0.014,2
1665493769,14299964,True,4988,100223.445,5.0,-0.013,0
1665493799,14299965,False,19960,100157.147,19.99,-0.014,0
1665493875,14299966,False,700000,100172.264,701.21,-0.014,2
1665493878,14299967,False,153840,100172.274,154.11,-0.014,2
1665493907,14299968,True,9975,100244.361,10.0,-0.013,0
1665493908,14299969,True,97382,100244.361,97.62,-0.013,0
1665494021,14299970,True,9977,100220.812,10.0,-0.013,0
1665494038,14299971,True,199501,100238.908,199.98,-0.013,2
1665494080,14299972,False,1210000,100154.14,1211.87,-0.014,2
1665494123,14299973,True,997998,100200.493,1000.0,-0.013,2
1665494159,14299974,True,49903,100214.233,50.01,-0.013,0
1665494174,14299975,True,99756,100244.36,100.0,-0.013,2
1665494190,14299976,False,1495950,100161.004,1498.36,-0.014,2
1665494195,14299977,True,9777,100244.36,9.8,-0.013,0
1665494234,14299978,False,9777,100165.593,9.79,-0.014,0
1665494265,14299979,False,19966940,100154.14,19997.72,-0.014,2
1665494271,14299980,True,9777,100236.311,9.8,-0.013,0
1665494304,14299981,False,9778,100154.14,9.79,-0.014,0
1665494376,14299982,True,249502,100199.365,250.0,-0.013,2
1665494378,14299983,True,99802,100197.861,100.0,-0.013,2
1665494404,14299984,True,997939,100206.37,1000.0,-0.013,2
1665494457,14299985,False,70630,100168.544,70.75,-0.014,0
1665494460,14299986,True,4490,100206.37,4.5,-0.013,0
1665494552,14299987,True,6443,100194.195,6.46,-0.013,0
1665494554,14299988,True,1510000,100194.195,1512.93,-0.013,2
1665494554,14299989,True,559557,100194.195,560.64,-0.013,2
1665494554,14299990,True,1121000,100194.765,1123.18,-0.013,2
1665494554,14299991,True,919225,100195.54,921.02,-0.013,2
1665494554,14299992,True,1121000,100195.743,1123.19,-0.013,2
1665494554,14299993,True,1909000,100196.072,1912.74,-0.013,2
1665494554,14299994,True,1121000,100196.213,1123.2,-0.013,2
1665494554,14299995,True,1158000,100197.593,1160.29,-0.013,2
1665494554,14299996,True,1848000,100198.714,1851.67,-0.013,2
1665494554,14299997,True,1345000,100199.282,1347.68,-0.013,2
1665494554,14299998,True,1374000,100200.379,1376.75,-0.013,2
1665494554,14299999,True,1525687,100205.049,1528.82,-0.013,2
1665494554,14300000,True,3900000,100244.264,3909.53,-0.013,2
1665494554,14300001,True,594223,100244.36,595.68,-0.013,2
1665494554,14300002,True,4930000,100251.836,4942.42,-0.013,2
1665494554,14300003,True,2481000,100394.692,2490.79,-0.011,2
1665494554,14300004,True,2376000,100396.235,2385.41,-0.011,2
1665494554,14300005,True,2587000,100396.384,2597.25,-0.011,2
1665494554,14300006,True,17420000,100398.0,17489.33,-0.011,2
1665494554,14300007,True,50128401,100437.0,50347.46,-0.011,1
1665494557,14300008,False,2986950,100154.14,2991.55,-0.014,2
1665494581,14300009,True,647342,100201.96,648.65,-0.013,2
1665494589,14300010,True,99798,100201.96,100.0,-0.013,2
1665494610,14300011,True,49899,100201.96,50.0,-0.013,0
1665494626,14300012,False,1210000,100170.137,1212.06,-0.014,2
1665494626,14300013,False,1114937,100168.863,1116.82,-0.014,2
1665494699,14300014,True,54906,100170.25,55.0,-0.014,0
1665494731,14300015,True,67704,100170.25,67.82,-0.014,0
1665494918,14300016,True,998087,100191.53,1000.0,-0.013,2
1665494958,14300017,False,10000,100174.998,10.02,-0.014,0
1665494982,14300018,True,226266,100191.53,226.7,-0.013,2
1665494988,14300019,True,14673,100191.53,14.7,-0.013,0
1665495033,14300020,False,14674,100174.445,14.7,-0.014,0
1665495140,14300021,True,199616,100191.53,200.0,-0.013,2
1665495145,14300022,False,299430,100161.596,299.91,-0.014,2
1665495194,14300023,True,460000,100161.7,460.74,-0.014,2
1665495194,14300024,True,469000,100163.629,469.77,-0.014,2
1665495194,14300025,True,1566895,100165.52,1569.49,-0.014,2
1665495224,14300026,True,9984,100154.14,10.0,-0.014,0
1665495265,14300027,False,4207000,100154.14,4213.48,-0.014,2
1665495312,14300028,False,10000000,100154.14,10015.41,-0.014,2
1665495323,14300029,True,4483,100154.14,4.49,-0.014,0
1665495328,14300030,False,727874,100154.14,729.0,-0.014,2
1665495332,14300031,False,652264,100154.14,653.27,-0.014,2
1665495334,14300032,False,348084,100061.82,348.3,-0.015,2
1665495334,14300033,False,507000,100004.302,507.02,-0.015,2
1665495334,14300034,False,200499,100000.0,200.5,-0.015,2
1665495334,14300035,False,2000,100000.0,2.0,-0.015,0
1665495334,14300036,False,150000,100000.0,150.0,-0.015,2
1665495334,14300037,False,12500,100000.0,12.5,-0.015,0
1665495334,14300038,False,1000020,99998.0,1000.0,-0.015,2
1665495334,14300039,False,2160000,99974.214,2159.44,-0.016,2
1665495334,14300040,False,1179000,99952.329,1178.44,-0.016,2
1665495334,14300041,False,1480046,99952.206,1479.34,-0.016,2
1665495356,14300042,False,101670,99880.33,101.55,-0.016,2
1665495382,14300043,False,33281,99880.33,33.24,-0.016,0
1665495383,14300044,True,3003594,99880.34,3000.0,-0.016,2
1665495418,14300045,True,5002,99950.38,5.0,-0.016,0
1665495429,14300046,False,48716,99888.193,48.66,-0.016,0
1665495465,14300047,False,100050,99903.585,99.95,-0.016,0
1665495490,14300048,True,2501250,99882.95,2498.32,-0.016,2
1665495495,14300049,False,100120,99882.95,100.0,-0.016,2
1665495503,14300050,True,56936,99882.96,56.87,-0.016,0
1665495510,14300051,True,100117,99882.96,100.0,-0.016,2
1665495530,14300052,False,271560,99908.067,271.31,-0.016,2
1665495604,14300053,True,105965,100022.84,105.99,-0.015,2
1665495605,14300054,True,599862,100022.84,600.0,-0.015,2
1665495633,14300055,False,9630,99950.444,9.63,-0.016,0
1665495692,14300056,True,9562,99968.95,9.56,-0.016,0
1665495734,14300057,False,61899,99968.95,61.88,-0.016,0
1665495785,14300058,True,150039,99973.61,150.0,-0.016,2
1665495820,14300059,False,128187,99973.61,128.15,-0.016,2
1665495822,14300060,True,11973,99973.61,11.97,-0.016,0
1665495847,14300061,False,48270,99973.61,48.26,-0.016,0
1665495877,14300062,False,79520,99968.95,79.5,-0.016,0
1665495886,14300063,True,100026,99973.61,100.0,-0.016,2
1665495942,14300064,False,420480,99968.95,420.35,-0.016,2
1665495942,14300065,False,486000,99883.186,485.43,-0.016,2
1665495942,14300066,False,200000,99882.95,199.77,-0.016,2
1665495942,14300067,False,2800000,99880.33,2796.65,-0.016,2
1665495942,14300068,False,902000,99861.551,900.75,-0.017,2
1665495942,14300069,False,2450000,99830.428,2445.85,-0.017,2
1665495942,14300070,False,985561,99810.258,983.69,-0.017,2
1665495993,14300071,True,2434,99832.92,2.43,-0.017,0
1665496001,14300072,True,2003000,99832.92,1999.65,-0.017,2
1665496042,14300073,True,2002000,99913.03,2000.26,-0.016,2
1665496059,14300074,True,49975,100048.157,50.0,-0.015,0
1665496077,14300075,True,29973,100087.396,30.0,-0.014,0
1665496092,14300076,True,13494,100038.79,13.5,-0.015,0
1665496093,14300077,True,9996,100038.79,10.0,-0.015,0
1665496172,14300078,True,101551,99958.71,101.51,-0.016,2
1665496180,14300079,True,85185,99958.71,85.15,-0.016,0
1665496208,14300080,True,5002000,99958.71,4999.93,-0.016,2
1665496221,14300081,False,12998,99963.625,12.99,-0.016,0
1665496222,14300082,False,1329420,99963.625,1328.94,-0.016,2
1665496272,14300083,True,29966,100111.347,30.0,-0.014,0
1665496279,14300084,True,787425,100035.99,787.71,-0.015,2
1665496344,14300085,False,79520,100014.531,79.53,-0.015,0
1665496359,14300086,True,35857,100035.99,35.87,-0.015,0
1665496365,14300087,False,16940,100022.606,16.94,-0.015,0
1665496381,14300088,True,206925,100035.99,207.0,-0.015,2
1665496383,14300089,True,9996,100035.99,10.0,-0.015,0
1665496400,14300090,False,863000,100035.99,863.31,-0.015,2
1665496400,14300091,False,449999,100035.99,450.16,-0.015,2
1665496400,14300092,False,268370,100035.99,268.47,-0.015,2
1665496406,14300093,True,4998,100035.99,5.0,-0.015,0
1665496440,14300094,True,130872,100035.99,130.92,-0.015,2
1665496465,14300095,False,175000,100000.0,175.0,-0.015,2
1665496465,14300096,False,867000,99970.823,866.75,-0.016,2
1665496465,14300097,False,342570,99970.278,342.47,-0.016,2
1665496490,14300098,True,9996,100034.515,10.0,-0.015,0
1665496512,14300099,True,499999,100000.01,500.0,-0.015,2
1665496527,14300100,False,2000,100000.0,2.0,-0.015,0
1665496527,14300101,False,285380,99942.549,285.22,-0.016,2
1665496540,14300102,False,503977,99935.0,503.65,-0.016,2
1665496540,14300103,False,36335,99926.98,36.31,-0.016,0
1665496570,14300104,True,20011000,99943.59,19999.71,-0.016,2
1665496573,14300105,True,4989000,99943.59,4986.19,-0.016,2
1665496578,14300106,False,93830,99945.395,93.78,-0.016,0
1665496585,14300107,True,1000231,99976.9,1000.0,-0.016,2
1665496596,14300108,True,2,99976.9,0.0,-0.016,0
1665496675,14300109,True,2001,99926.66,2.0,-0.016,0
1665496716,14300110,True,100125,99873.97,100.0,-0.017,2
1665496730,14300111,True,11514,99871.169,11.5,-0.017,0
1665496745,14300112,True,20536,99869.295,20.51,-0.017,0
1665496769,14300113,False,1112196,99784.0,1109.79,-0.017,2
1665496783,14300114,False,57624,99784.0,57.5,-0.017,0
1665496783,14300115,False,128948,99784.0,128.67,-0.017,2
1665496783,14300116,False,815928,99750.45,813.89,-0.018,2
1665496793,14300117,False,186573,99750.45,186.11,-0.018,2
1665496799,14300118,False,12500,99750.0,12.47,-0.018,0
1665496799,14300119,False,160401,99750.0,160.0,-0.018,2
1665496799,14300120,False,202050,99750.0,201.54,-0.018,2
1665496805,14300121,False,254764,99700.0,254.0,-0.018,2
1665496805,14300122,False,183137,99690.51,182.57,-0.018,2
1665496805,14300123,False,157954,99611.33,157.34,-0.019,2
1665496805,14300124,False,1100,99599.99,1.1,-0.019,0
1665496805,14300125,False,200833,99584.82,200.0,-0.019,2
1665496805,14300126,False,1100,99550.0,1.1,-0.02,0
1665496805,14300127,False,1100,99549.99,1.1,-0.02,0
1665496805,14300128,False,1342424,99511.043,1335.86,-0.02,2
1665496822,14300129,True,1004,99508.474,1.0,-0.02,0
1665496823,14300130,True,52256,99508.474,52.0,-0.02,0
1665496825,14300131,False,4998934,99500.0,4973.94,-0.02,2
1665496832,14300132,False,10001067,99500.0,9951.06,-0.02,2
1665496837,14300133,False,1582511,99500.0,1574.6,-0.02,2
1665496837,14300134,False,100000,99500.0,99.5,-0.02,0
1665496837,14300135,False,1006,99500.0,1.0,-0.02,0
1665496837,14300136,False,2512562,99500.0,2500.0,-0.02,2
1665496837,14300137,False,98492,99500.0,98.0,-0.02,0
1665496847,14300138,False,1100,99499.99,1.09,-0.02,0
1665496848,14300139,False,1050000,99496.61,1044.71,-0.02,2
1665496858,14300140,False,1100,99450.0,1.09,-0.021,0
1665496862,14300141,False,1100,99449.99,1.09,-0.021,0
1665496887,14300142,False,452272,99429.0,449.69,-0.021,2
1665496888,14300143,False,1100,99399.99,1.09,-0.021,0
1665496900,14300144,True,2335,99350.0,2.32,-0.022,0
1665496903,14300145,False,1100,99350.0,1.09,-0.022,0
1665496903,14300146,False,1100,99349.99,1.09,-0.022,0
1665496914,14300147,False,1100,99299.99,1.09,-0.022,0
1665496914,14300148,False,2192890,99275.0,2176.99,-0.022,2
1665496918,14300149,False,1098983,99275.0,1091.02,-0.022,2
1665496918,14300150,False,1810000,99250.0,1796.43,-0.023,2
1665496918,14300151,False,12500,99250.0,12.41,-0.023,0
1665496918,14300152,False,1100,99250.0,1.09,-0.023,0
1665496918,14300153,False,1100,99249.99,1.09,-0.023,0
1665496938,14300154,False,302270,99219.61,299.91,-0.023,2
1665496958,14300155,True,201573,99219.61,200.0,-0.023,2
1665497003,14300156,True,1043000,99219.61,1034.86,-0.023,2
1665497003,14300157,True,3996325,99219.62,3965.14,-0.023,2
1665497022,14300158,True,1007,99219.61,1.0,-0.023,0
1665497048,14300159,True,302359,99219.61,300.0,-0.023,2
1665497063,14300160,False,1919999,99219.61,1905.02,-0.023,2
1665497063,14300161,False,50393,99219.61,50.0,-0.023,0
1665497122,14300162,True,75590000,99219.61,75000.1,-0.023,1
1665497122,14300163,True,20028,99219.61,19.87,-0.023,0
1665497134,14300164,True,101754,99219.61,100.96,-0.023,2
1665497139,14300165,True,20157000,99219.61,19999.7,-0.023,2
1665497147,14300166,False,103560,99219.61,102.75,-0.023,2
1665497152,14300167,True,2140825,99219.61,2124.12,-0.023,2
1665497154,14300168,True,1756999,99349.972,1745.58,-0.022,2
1665497154,14300169,True,258999,99350.565,257.32,-0.022,2
1665497172,14300170,True,990000,99344.778,983.51,-0.022,2
1665497172,14300171,True,527000,99345.46,523.55,-0.022,2
1665497172,14300172,True,999469,99346.335,992.94,-0.022,2
1665497207,14300173,True,28172,99386.039,28.0,-0.021,0
1665497230,14300174,True,2011000,99477.45,2000.49,-0.02,2
1665497232,14300175,True,502646,99475.573,500.01,-0.02,2
1665497252,14300176,False,458000,99321.33,454.89,-0.022,2
1665497252,14300177,False,468000,99320.387,464.82,-0.022,2
1665497252,14300178,False,869000,99319.581,863.09,-0.022,2
1665497252,14300179,False,869000,99317.73,863.07,-0.022,2
1665497252,14300180,False,83521,99316.365,82.95,-0.022,0
1665497256,14300181,True,10049,99502.713,10.0,-0.02,0
1665497296,14300182,True,560372,99453.525,557.31,-0.021,2
1665497299,14300183,True,1460000,99452.589,1452.01,-0.021,2
1665497299,14300184,True,744899,99452.589,740.82,-0.021,2
1665497299,14300185,True,80440,99452.589,80.0,-0.021,0
1665497319,14300186,True,20119000,99409.18,20000.13,-0.021,1
1665497329,14300187,True,100530,99472.2,100.0,-0.02,2
1665497339,14300188,True,1526945,99529.154,1519.76,-0.02,2
1665497339,14300189,True,648678,99529.154,645.62,-0.02,2
1665497353,14300190,True,268926,99529.154,267.66,-0.02,2
1665497383,14300191,True,2110000,99529.154,2100.07,-0.02,2
1665497383,14300192,True,7937307,99529.154,7899.93,-0.02,2
1665497388,14300193,True,35165130,99529.154,34999.56,-0.02,1
1665497388,14300194,True,2189000,99609.448,2180.45,-0.019,2
1665497388,14300195,True,1702000,99610.172,1695.37,-0.019,2
1665497388,14300196,True,1595999,99610.455,1589.78,-0.019,2
1665497388,14300197,True,1238000,99610.784,1233.18,-0.019,2
1665497388,14300198,True,2212000,99611.278,2203.4,-0.019,2
1665497388,14300199,True,2052000,99611.383,2044.03,-0.019,2
1665497388,14300200,True,1010999,99611.517,1007.07,-0.019,2
1665497388,14300201,True,1720000,99611.698,1713.32,-0.019,2
1665497388,14300202,True,1632000,99612.037,1625.67,-0.019,2
1665497388,14300203,True,989000,99612.061,985.16,-0.019,2
1665497388,14300204,True,1251000,99612.093,1246.15,-0.019,2
1665497388,14300205,True,1213000,99612.095,1208.29,-0.019,2
1665497388,14300206,True,500000,99612.331,498.06,-0.019,2
1665497388,14300207,True,15779307,99946.7,15770.9,-0.016,2
1665497443,14300208,True,21097455,99538.07,21000.0,-0.02,1
1665497481,14300209,True,1960000,99637.52,1952.9,-0.019,2
1665497481,14300210,True,4061828,99637.52,4047.1,-0.019,2
1665497490,14300211,True,1327891,99642.21,1323.14,-0.019,2
1665497498,14300212,True,250897,99642.21,250.0,-0.019,2
1665497512,14300213,False,622000,99522.209,619.03,-0.02,2
1665497517,14300214,True,25088,99642.21,25.0,-0.019,0
1665497530,14300215,True,50179,99642.21,50.0,-0.019,0
1665497538,14300216,True,50179,99642.21,50.0,-0.019,0
1665497561,14300217,True,50179,99642.21,50.0,-0.019,0
1665497587,14300218,False,28100,99549.99,27.97,-0.02,0
1665497609,14300219,True,502092,99583.34,500.0,-0.019,2
1665497611,14300220,True,301255,99583.34,300.0,-0.019,2
1665497670,14300221,False,4490000,99583.43,4471.3,-0.019,2
1665497717,14300222,True,1450000,99842.35,1447.71,-0.017,2
1665497717,14300223,True,52368,99842.35,52.29,-0.017,0
1665497726,14300224,True,24548,99842.35,24.51,-0.017,0
1665497754,14300225,True,501117,99776.81,500.0,-0.017,2
1665497784,14300226,True,28371,99782.92,28.31,-0.017,0
1665497785,14300227,True,63137,99782.92,63.0,-0.017,0
1665497808,14300228,True,6514140,99782.92,6500.0,-0.017,2
1665497810,14300229,False,5490,99730.355,5.48,-0.018,0
1665497842,14300230,True,1100,99821.87,1.1,-0.017,0
1665497842,14300231,True,10018898,99821.87,10001.05,-0.017,2
1665497889,14300232,True,1100,99934.71,1.1,-0.016,0
1665497935,14300233,True,972635,99934.71,972.0,-0.016,2
1665497978,14300234,True,1100718,99934.71,1100.0,-0.016,2
1665498022,14300235,True,500326,99934.71,500.0,-0.016,2
1665498037,14300236,False,1100,99900.0,1.1,-0.016,0
1665498037,14300237,False,1100,99850.0,1.1,-0.017,0
1665498037,14300238,False,1100,99800.0,1.1,-0.017,0
1665498037,14300239,False,8823,99791.91,8.8,-0.017,0
1665498114,14300240,True,19927,99824.03,19.89,-0.017,0
1665498120,14300241,True,15386,99753.98,15.35,-0.018,0
1665498204,14300242,True,15037,99750.01,15.0,-0.018,0
1665498224,14300243,True,50124,99750.01,50.0,-0.018,0
1665498247,14300244,False,36000,99750.0,35.91,-0.018,0
1665498247,14300245,False,36537,99750.0,36.45,-0.018,0
1665498255,14300246,True,18926,99750.01,18.88,-0.018,0
1665498289,14300247,True,21724,99750.01,21.67,-0.018,0
1665498307,14300248,True,29593,99750.01,29.52,-0.018,0
1665498313,14300249,False,1100,99750.0,1.1,-0.018,0
1665498313,14300250,False,1590000,99741.497,1585.89,-0.018,2
1665498313,14300251,False,604000,99740.557,602.43,-0.018,2
1665498313,14300252,False,579000,99733.036,577.45,-0.018,2
1665498313,14300253,False,385270,99731.803,384.24,-0.018,2
1665498367,14300254,True,50124,99750.01,50.0,-0.018,0
1665498411,14300255,False,98489,99729.061,98.22,-0.018,0
1665498427,14300256,False,18250,99839.263,18.22,-0.017,0
1665498452,14300257,True,3003612,99879.73,3000.0,-0.016,2
1665498489,14300258,False,189661,99849.43,189.38,-0.017,2
1665498492,14300259,False,991689,99849.43,990.2,-0.017,2
1665498571,14300260,True,251118,99849.43,250.74,-0.017,2
1665498595,14300261,True,663859,99849.43,662.86,-0.017,2
1665498611,14300262,True,8627,99748.42,8.61,-0.018,0
1665498625,14300263,True,1416433,99748.42,1412.87,-0.018,2
1665498640,14300264,False,1100,99700.0,1.1,-0.018,0
1665498640,14300265,False,1100,99699.99,1.1,-0.018,0
1665498640,14300266,False,499060,99655.689,497.34,-0.019,2
1665498640,14300267,False,26573,99655.689,26.48,-0.019,0
1665498657,14300268,True,501705,99661.08,500.0,-0.019,2
1665498672,14300269,True,100340,99661.08,100.0,-0.019,2
1665498711,14300270,True,100395,99606.41,100.0,-0.019,2
1665498758,14300271,False,81784,99615.957,81.47,-0.019,0
1665498768,14300272,True,4864,99715.58,4.85,-0.018,0
1665498797,14300273,True,10035000,99647.82,9999.66,-0.019,2
1665498811,14300274,True,50129,99740.79,50.0,-0.018,0
1665498845,14300275,False,64729,99647.008,64.5,-0.019,0
1665498871,14300276,True,37877,99690.49,37.76,-0.018,0
1665498898,14300277,True,2506498,99740.75,2500.0,-0.018,2
1665498993,14300278,True,501081,99784.07,500.0,-0.017,2
1665499017,14300279,True,50097,99804.47,50.0,-0.017,0
1665499044,14300280,True,109924,99804.47,109.71,-0.017,2
1665499053,14300281,True,100195,99804.47,100.0,-0.017,2
1665499062,14300282,True,1001959,99804.47,1000.0,-0.017,2
1665499069,14300283,False,1600000,99760.029,1596.16,-0.018,2
1665499097,14300284,False,3990,99772.022,3.98,-0.018,0
1665499147,14300285,True,300415,99861.57,300.0,-0.017,2
1665499149,14300286,False,1320,99795.982,1.32,-0.017,0
1665499149,14300287,True,250346,99861.57,250.0,-0.017,2
1665499157,14300288,True,100138,99861.57,100.0,-0.017,2
1665499175,14300289,False,108434,99807.605,108.23,-0.017,2
1665499179,14300290,True,112655,99861.57,112.5,-0.017,2
1665499184,14300291,True,145201,99861.57,145.0,-0.017,2
1665499191,14300292,True,50069,99861.57,50.0,-0.017,0
1665499209,14300293,False,295960,99822.822,295.44,-0.017,2
1665499222,14300294,True,11567248,99861.57,11551.24,-0.017,2
1665499237,14300295,True,500425,99915.05,500.0,-0.016,2
1665499240,14300296,True,1000850,99915.05,1000.0,-0.016,2
1665499289,14300297,True,100047,99952.43,100.0,-0.016,2
1665499418,14300298,False,17980,99917.897,17.97,-0.016,0
1665499503,14300299,True,10004,99955.03,10.0,-0.016,0
1665499525,14300300,True,50022,99955.03,50.0,-0.016,0
1665499531,14300301,True,3001,99955.03,3.0,-0.016,0
1665499545,14300302,True,1000459,99955.03,1000.01,-0.016,2
1665499558,14300303,True,13004,99955.03,13.0,-0.016,0
1665499584,14300304,True,1000000,99899.47,998.99,-0.016,2
1665499613,14300305,True,50057,99885.47,50.0,-0.016,0
1665499617,14300306,False,1098000,99862.381,1096.49,-0.017,2
1665499617,14300307,False,1831000,99861.226,1828.46,-0.017,2
1665499617,14300308,False,3456091,99860.685,3451.28,-0.017,2
1665499625,14300309,True,300343,99885.47,300.0,-0.016,2
1665499642,14300310,False,18160,99873.931,18.14,-0.017,0
1665499665,14300311,False,2290,99882.752,2.29,-0.016,0
1665499737,14300312,True,1181075,99939.39,1180.36,-0.016,2
1665499758,14300313,True,1000606,99939.39,1000.0,-0.016,2
1665499789,14300314,True,1000,99927.41,1.0,-0.016,0
1665499801,14300315,False,101000,99929.094,100.93,-0.016,2
1665499834,14300316,False,29990,99943.155,29.97,-0.016,0
1665499890,14300317,True,1500335,99977.63,1500.0,-0.016,2
1665499891,14300318,True,40008,99977.63,40.0,-0.016,0
1665499932,14300319,False,526000,99962.0,525.8,-0.016,2
1665499932,14300320,False,2403000,99962.0,2402.09,-0.016,2
1665499932,14300321,False,1063000,99962.0,1062.6,-0.016,2
1665499932,14300322,False,1040000,99962.0,1039.6,-0.016,2
1665499932,14300323,False,1773000,99962.0,1772.33,-0.016,2
1665499932,14300324,False,1868999,99962.0,1868.29,-0.016,2
1665499932,14300325,False,1276000,99962.0,1275.52,-0.016,2
1665499932,14300326,False,123942,99868.543,123.78,-0.017,2
1665499981,14300327,False,449000,99887.957,448.5,-0.016,2
1665499981,14300328,False,909000,99887.508,907.98,-0.016,2
1665499981,14300329,False,1115000,99887.272,1113.74,-0.016,2
1665499981,14300330,False,849340,99887.151,848.38,-0.016,2
1665499991,14300331,True,1000928,99907.21,1000.0,-0.016,2
1665500011,14300332,False,249440,99900.0,249.19,-0.016,2
1665500081,14300333,False,1086000,99907.21,1084.99,-0.016,2
1665500081,14300334,False,1029000,99907.21,1028.05,-0.016,2
1665500081,14300335,False,1899000,99907.21,1897.24,-0.016,2
1665500081,14300336,False,1859000,99907.21,1857.28,-0.016,2
1665500081,14300337,False,127000,99907.21,126.88,-0.016,2
1665500102,14300338,True,35502,99907.21,35.47,-0.016,0
1665500115,14300339,False,45870,99907.21,45.83,-0.016,0
1665500234,14300340,False,693067,99940.58,692.66,-0.016,2
1665500264,14300341,True,7873,99940.58,7.87,-0.016,0
1665500291,14300342,True,2403063,99872.52,2400.0,-0.017,2
1665500293,14300343,True,1972,99872.52,1.97,-0.017,0
1665500311,14300344,True,14991,99858.65,14.97,-0.017,0
1665500357,14300345,False,1930000,99858.64,1927.27,-0.017,2
1665500357,14300346,False,136408,99858.64,136.22,-0.017,2
1665500360,14300347,True,10104,99858.65,10.09,-0.017,0
1665500540,14300348,True,1051486,99858.65,1050.0,-0.017,2
1665500549,14300349,True,4005662,99858.65,4000.0,-0.017,2
1665500583,14300350,True,1001,99858.65,1.0,-0.017,0
1665500588,14300351,True,4889644,99858.65,4882.73,-0.017,2
1665500588,14300352,True,2270000,100000.0,2270.0,-0.015,2
1665500588,14300353,True,1476000,100000.0,1476.0,-0.015,2
1665500588,14300354,True,25000000,100008.96,25002.24,-0.015,1
1665500588,14300355,True,1110000,100040.857,1110.45,-0.015,2
1665500588,14300356,True,1263000,100041.474,1263.52,-0.015,2
1665500588,14300357,True,1277000,100041.688,1277.53,-0.015,2
1665500588,14300358,True,1099000,100188.605,1101.07,-0.013,2
1665500588,14300359,True,549000,100188.812,550.04,-0.013,2
1665500588,14300360,True,1332000,100189.758,1334.53,-0.013,2
1665500588,14300361,True,1318000,100189.863,1320.5,-0.013,2
1665500588,14300362,True,520000,100190.54,520.99,-0.013,2
1665500588,14300363,True,4672400,100191.53,4681.35,-0.013,2
1665500588,14300364,True,2731952,100191.53,2737.18,-0.013,2
1665500588,14300365,True,1870000,100353.185,1876.6,-0.012,2
1665500588,14300366,True,2404000,100353.397,2412.5,-0.012,2
1665500588,14300367,True,1793000,100353.448,1799.34,-0.012,2
1665500588,14300368,True,2404000,100353.896,2412.51,-0.012,2
1665500588,14300369,True,1850000,100354.65,1856.56,-0.012,2
1665500588,14300370,True,17420000,100356.0,17482.02,-0.012,2
1665500588,14300371,True,1884924,100399.0,1892.44,-0.011,2
1665500588,14300372,True,2280000,100429.781,2289.8,-0.011,2
1665500588,14300373,True,2379000,100429.796,2389.22,-0.011,2
1665500588,14300374,True,60119999,100431.0,60379.12,-0.011,1
1665500588,14300375,True,26700,100550.063,26.85,-0.0099,0
1665500588,14300376,True,5617448,100666.695,5654.9,-0.0087,2
1665500618,14300377,True,10014000,99858.66,9999.85,-0.017,2
1665500629,14300378,False,1362000,99858.67,1360.08,-0.017,2
1665500629,14300379,False,1669050,99858.67,1666.69,-0.017,2
1665500636,14300380,True,60083,99858.67,60.0,-0.017,0
1665500653,14300381,True,2004803,99858.67,2001.97,-0.017,2
1665500664,14300382,False,9120,99862.075,9.11,-0.017,0
1665500704,14300383,True,10010,99890.29,10.0,-0.016,0
1665500783,14300384,True,4997,100040.857,5.0,-0.015,0
1665500784,14300385,True,1304267,100040.857,1304.8,-0.015,2
1665500815,14300386,False,150000,99890.29,149.84,-0.016,2
1665500827,14300387,False,40450,99890.29,40.41,-0.016,0
1665500839,14300388,True,499795,100040.857,500.0,-0.015,2
1665500905,14300389,True,4994,100104.542,5.0,-0.014,0
1665500911,14300390,True,30158,100104.542,30.19,-0.014,0
1665500923,14300391,True,2284848,100104.542,2287.24,-0.014,2
1665500923,14300392,True,811308,100179.381,812.76,-0.014,2
1665500975,14300393,True,997,100102.14,1.0,-0.014,0
1665501039,14300394,False,1112000,99950.482,1111.45,-0.016,2
1665501039,14300395,False,1147000,99950.074,1146.43,-0.016,2
1665501039,14300396,False,2170000,99949.734,2168.91,-0.016,2
1665501039,14300397,False,544000,99949.734,543.73,-0.016,2
1665501039,14300398,False,1377000,99935.643,1376.11,-0.016,2
1665501039,14300399,False,1377000,99935.632,1376.11,-0.016,2
1665501039,14300400,False,1000000,99926.23,999.26,-0.016,2
1665501039,14300401,False,100105,99916.28,100.02,-0.016,2
1665501039,14300402,False,1363000,99914.686,1361.84,-0.016,2
1665501039,14300403,False,2171089,99903.595,2169.0,-0.016,2
1665501071,14300404,True,447000,100127.351,447.57,-0.014,2
1665501071,14300405,True,608149,100128.45,608.93,-0.014,2
1665501197,14300406,False,488000,100048.138,488.23,-0.015,2
1665501197,14300407,False,515000,100046.75,515.24,-0.015,2
1665501197,14300408,False,997999,100046.698,998.47,-0.015,2
1665501197,14300409,False,495790,100046.284,496.02,-0.015,2
1665501230,14300410,True,95678,100231.734,95.9,-0.013,0
1665501248,14300411,False,347999,100065.215,348.23,-0.015,2
1665501295,14300412,False,2560000,100082.321,2562.11,-0.014,2
1665501295,14300413,False,460004,100082.321,460.38,-0.014,2
1665501308,14300414,False,1024000,100087.126,1024.89,-0.014,2
1665501308,14300415,False,2500000,100086.497,2502.16,-0.014,2
1665501308,14300416,False,1129000,100086.497,1129.98,-0.014,2
1665501308,14300417,False,1671999,100085.92,1673.44,-0.014,2
1665501308,14300418,False,169650,100085.691,169.8,-0.014,2
1665501336,14300419,True,249645,100230.198,250.22,-0.013,2
1665501388,14300420,False,698390,100071.618,698.89,-0.015,2
1665501499,14300421,True,231380,100284.957,232.04,-0.012,2
1665501506,14300422,True,62461,100284.978,62.64,-0.012,0
1665501545,14300423,True,42508,100284.928,42.63,-0.012,0
1665501576,14300424,True,49863,100272.715,50.0,-0.013,0
1665501651,14300425,True,139820,100264.251,140.19,-0.013,2
1665501673,14300426,False,138000,100123.481,138.17,-0.014,2
1665501693,14300427,False,96200,100130.808,96.33,-0.014,0
1665501706,14300428,True,99738,100261.556,100.0,-0.013,2
1665501816,14300429,True,4767,100259.976,4.78,-0.013,0
1665501823,14300430,True,49870,100259.976,50.0,-0.013,0
1665501856,14300431,False,10639,100186.005,10.66,-0.013,0
1665501857,14300432,True,2330000,100259.976,2336.06,-0.013,2
1665501857,14300433,True,228303,100259.976,228.9,-0.013,2
1665501857,14300434,True,347999,100284.978,348.99,-0.012,2
1665501857,14300435,True,1082567,100322.178,1086.05,-0.012,2
1665501884,14300436,True,13936,100453.637,14.0,-0.011,0
1665501885,14300437,True,993999,100452.419,998.5,-0.011,2
1665501885,14300438,True,496253,100453.026,498.5,-0.011,2
1665501949,14300439,True,49810,100380.105,50.0,-0.012,0
1665501981,14300440,False,724000,100236.286,725.71,-0.013,2
1665502008,14300441,False,31346,100246.425,31.42,-0.013,0
1665502039,14300442,True,1992,100375.763,2.0,-0.012,0
1665502043,14300443,False,48120,100230.98,48.23,-0.013,0
1665502080,14300444,False,10698,100230.98,10.72,-0.013,0
1665502080,14300445,False,228019,100213.484,228.51,-0.013,2
1665502141,14300446,False,47900,100264.68,48.03,-0.013,0
1665502141,14300447,True,1971,100455.34,1.98,-0.011,0
1665502158,14300448,False,90000,100271.253,90.24,-0.013,0
1665502176,14300449,True,298658,100449.141,300.0,-0.011,2
1665502203,14300450,False,1110000,100309.796,1113.44,-0.012,2
1665502221,14300451,True,199031,100486.578,200.0,-0.011,2
1665502345,14300452,True,24887,100454.04,25.0,-0.011,0
1665502399,14300453,False,2310000,100310.58,2317.17,-0.012,2
1665502399,14300454,False,487000,100310.58,488.51,-0.012,2
1665502399,14300455,False,1145000,100310.301,1148.55,-0.012,2
1665502399,14300456,False,1590000,100309.032,1594.91,-0.012,2
1665502399,14300457,False,412649,100309.001,413.92,-0.012,2
1665502430,14300458,False,1000000,100322.483,1003.22,-0.012,2
1665502443,14300459,False,322060,100327.779,323.12,-0.012,2
1665502444,14300460,True,497513,100499.725,500.0,-0.01,2
1665502449,14300461,True,109453,100499.725,110.0,-0.01,2
1665502456,14300462,False,895999,100333.812,898.99,-0.012,2
1665502456,14300463,False,128880,100332.92,129.31,-0.012,2
1665502463,14300464,False,310052,100335.454,311.09,-0.012,2
1665502576,14300465,True,22388,100499.675,22.5,-0.01,0
1665502593,14300466,True,128298,100499.725,128.94,-0.01,2
1665502660,14300467,True,5965,100573.594,6.0,-0.0096,0
1665502711,14300468,True,2963,100556.058,2.98,-0.0098,0
1665502731,14300469,True,2555,100549.672,2.57,-0.0099,0
1665502735,14300470,True,1491827,100547.849,1500.0,-0.0099,2
1665502745,14300471,True,1044999,100544.87,1050.69,-0.0099,2
1665502745,14300472,True,1620000,100544.936,1628.83,-0.0099,2
1665502745,14300473,True,517000,100544.936,519.82,-0.0099,2
1665502745,14300474,True,1066000,100544.941,1071.81,-0.0099,2
1665502745,14300475,True,724894,100545.877,728.85,-0.0099,2
1665502766,14300476,False,1590,100374.356,1.6,-0.012,0
1665502785,14300477,True,49736,100530.43,50.0,-0.01,0
1665502795,14300478,True,49736,100529.412,50.0,-0.01,0
1665502815,14300479,False,734673,100390.32,737.54,-0.011,2
1665502815,14300480,False,50730,100390.816,50.93,-0.011,0
1665502824,14300481,True,15915,100525.738,16.0,-0.01,0
1665502837,14300482,True,994798,100522.872,1000.0,-0.01,2
1665502845,14300483,True,99481,100521.636,100.0,-0.01,2
1665502848,14300484,False,10473,100381.765,10.51,-0.012,0
1665502857,14300485,True,371386,100517.914,373.31,-0.01,2
1665502873,14300486,True,2510000,100515.201,2522.93,-0.01,2
1665502873,14300487,True,512000,100515.201,514.64,-0.01,2
1665502873,14300488,True,1192000,100623.263,1199.43,-0.0092,2
1665502873,14300489,True,758272,100623.648,763.0,-0.0092,2
1665502881,14300490,True,198403,100513.634,199.42,-0.01,2
1665502963,14300491,True,76508,100538.0,76.92,-0.01,0
1665502986,14300492,True,198948,100528.552,200.0,-0.01,2
1665503017,14300493,True,99471,100531.044,100.0,-0.01,2
1665503027,14300494,False,990,100369.748,0.99,-0.012,0
1665503065,14300495,False,9042,100528.55,9.09,-0.01,0
1665503065,14300496,False,462000,100522.802,464.42,-0.01,2
1665503098,14300497,True,75580,100620.696,76.05,-0.0092,0
1665503133,14300498,True,79244,100613.007,79.73,-0.0093,0
1665503164,14300499,True,49700,100603.459,50.0,-0.0094,0
1665503224,14300500,False,684530,100445.484,687.58,-0.011,2
1665503310,14300501,False,2150000,100476.024,2160.23,-0.011,2
1665503310,14300502,False,1420990,100476.024,1427.75,-0.011,2
1665503410,14300503,True,347809,100629.754,350.0,-0.0091,2
1665503424,14300504,True,745306,100629.754,750.0,-0.0091,2
1665503561,14300505,False,55999,100488.897,56.27,-0.01,0
1665503647,14300506,True,7105,100629.754,7.15,-0.0091,0
1665503760,14300507,False,5290,100476.559,5.32,-0.011,0
1665503915,14300508,True,34798,100579.258,35.0,-0.0096,0
1665504037,14300509,False,12500,100500.0,12.56,-0.01,0
1665504037,14300510,False,467082,100458.798,469.22,-0.011,2
1665504074,14300511,False,166384,100460.531,167.15,-0.011,2
1665504119,14300512,True,49712,100578.855,50.0,-0.0096,0
1665504123,14300513,False,596550,100409.61,598.99,-0.011,2
1665504159,14300514,False,25710,100371.376,25.81,-0.012,0
1665504210,14300515,False,314877,100356.811,316.0,-0.012,2
1665504259,14300516,True,36848,100438.498,37.01,-0.011,0
1665504363,14300517,True,19920,100397.36,20.0,-0.011,0
1665504366,14300518,False,53546,100264.786,53.69,-0.013,0
1665504397,14300519,False,1569999,100250.0,1573.93,-0.013,2
1665504397,14300520,False,12500,100250.0,12.53,-0.013,0
1665504397,14300521,False,403490,100203.693,404.31,-0.013,2
1665504434,14300522,False,208600,100207.13,209.03,-0.013,2
1665504458,14300523,False,97280,100198.755,97.47,-0.013,0
1665504565,14300524,False,249499,100157.33,249.89,-0.014,2
1665504593,14300525,False,2370000,100157.33,2373.73,-0.014,2
1665504593,14300526,False,2008480,100157.33,2011.64,-0.014,2
1665504633,14300527,True,49921,100157.33,50.0,-0.014,0
1665504644,14300528,True,998429,100157.33,1000.0,-0.014,2
1665504644,14300529,False,2557848,100157.33,2561.87,-0.014,2
1665504826,14300530,True,19966000,100169.98,19999.94,-0.014,2
1665504832,14300531,False,36041,100169.98,36.1,-0.014,0
1665504838,14300532,True,19966000,100169.99,19999.94,-0.014,2
1665504841,14300533,False,474000,100169.99,474.81,-0.014,2
1665504841,14300534,False,1992000,100169.99,1995.39,-0.014,2
1665504841,14300535,False,1452000,100169.99,1454.47,-0.014,2
1665504841,14300536,False,1533000,100169.99,1535.61,-0.014,2
1665504841,14300537,False,1103000,100169.99,1104.87,-0.014,2
1665504841,14300538,False,771160,100169.99,772.47,-0.014,2
1665504841,14300539,True,5034000,100169.99,5042.56,-0.014,2
1665504854,14300540,True,7273874,100170.0,7286.24,-0.014,2
1665504873,14300541,False,778000,100170.01,779.32,-0.014,2
1665504873,14300542,False,993999,100170.01,995.69,-0.014,2
1665504873,14300543,False,393000,100170.01,393.67,-0.014,2
1665504873,14300544,False,1353000,100170.01,1355.3,-0.014,2
1665504873,14300545,False,1776000,100170.01,1779.02,-0.014,2
1665504873,14300546,False,820000,100170.01,821.39,-0.014,2
1665504873,14300547,False,1160980,100170.01,1162.95,-0.014,2
1665504885,14300548,False,149020,100170.01,149.27,-0.014,2
1665504885,14300549,False,7125969,100170.01,7138.08,-0.014,2
1665504887,14300550,False,157392,100170.01,157.66,-0.014,2
1665504914,14300551,False,24659,100170.01,24.7,-0.014,0
1665504916,14300552,True,1497,100170.01,1.5,-0.014,0
1665504947,14300553,False,120100,100170.01,120.3,-0.014,2
1665504997,14300554,False,52910,100128.005,52.98,-0.014,0
1665505018,14300555,True,2360000,100173.903,2364.1,-0.014,2
1665505018,14300556,True,607000,100173.903,608.06,-0.014,2
1665505018,14300557,True,575000,100175.02,576.01,-0.014,2
1665505018,14300558,True,8436962,100176.27,8451.83,-0.014,2
1665505092,14300559,True,9987,100128.02,10.0,-0.014,0
1665505106,14300560,True,593750,100153.11,594.66,-0.014,2
1665505114,14300561,True,3171195,100153.11,3176.05,-0.014,2
1665505136,14300562,True,10001353,100163.12,10017.67,-0.014,2
1665505146,14300563,True,19963,100181.0,20.0,-0.014,0
1665505165,14300564,False,25930,100157.938,25.97,-0.014,0
1665505166,14300565,False,1403070,100157.938,1405.29,-0.014,2
1665505166,14300566,False,827000,100157.806,828.31,-0.014,2
1665505166,14300567,False,1173000,100157.736,1174.85,-0.014,2
1665505166,14300568,False,359000,100157.5,359.57,-0.014,2
1665505166,14300569,False,674000,100157.496,675.06,-0.014,2
1665505166,14300570,False,871000,100157.375,872.37,-0.014,2
1665505166,14300571,False,1509000,100156.959,1511.37,-0.014,2
1665505166,14300572,False,14278440,100156.667,14300.81,-0.014,2
1665505171,14300573,False,722000,100160.889,723.16,-0.014,2
1665505171,14300574,False,607323,100160.489,608.3,-0.014,2
1665505225,14300575,True,5989,100181.0,6.0,-0.014,0
1665505227,14300576,True,1000000,100181.0,1001.81,-0.014,2
1665505269,14300577,False,601990,100185.14,603.1,-0.013,2
1665505283,14300578,True,2147576,100185.14,2151.55,-0.013,2
1665505291,14300579,False,31245,100185.15,31.3,-0.013,0
1665505298,14300580,True,9782,100185.15,9.8,-0.013,0
1665505313,14300581,True,297073,100185.15,297.62,-0.013,2
1665505348,14300582,False,33013,100185.15,33.07,-0.013,0
1665505363,14300583,True,1151018,100185.15,1153.15,-0.013,2
1665505411,14300584,True,99815,100185.14,100.0,-0.013,2
1665505414,14300585,True,49907,100185.14,50.0,-0.013,0
1665505416,14300586,False,85190,100185.14,85.35,-0.013,0
1665505432,14300587,True,59886,100189.1,60.0,-0.013,0
1665505562,14300588,True,998249,100175.39,1000.0,-0.014,2
1665505590,14300589,True,89845,100172.124,90.0,-0.014,0
1665505721,14300590,False,525112,100162.0,525.96,-0.014,2
1665505725,14300591,True,645000,100162.0,646.04,-0.014,2
1665505759,14300592,False,8949990,100162.0,8964.49,-0.014,2
1665505778,14300593,True,49919,100162.0,50.0,-0.014,0
1665505820,14300594,False,917990,100140.0,919.28,-0.014,2
1665505894,14300595,True,39944,100140.01,40.0,-0.014,0
1665505949,14300596,False,1008580,100140.001,1009.99,-0.014,2
1665506013,14300597,True,674000,100140.001,674.94,-0.014,2
1665506015,14300598,False,200000,100140.001,200.28,-0.014,2
1665506036,14300599,True,662000,100140.001,662.93,-0.014,2
1665506115,14300600,True,14820,100143.33,14.84,-0.014,0
1665506210,14300601,False,99898,100111.16,100.01,-0.014,2
1665506210,14300602,False,370582,100105.111,370.97,-0.014,2
1665506226,14300603,True,49971,100056.55,50.0,-0.015,0
1665506260,14300604,True,92857,100056.55,92.91,-0.015,0
1665506288,14300605,False,3061526,100056.542,3063.26,-0.015,2
1665506325,14300606,True,999927,100007.16,1000.0,-0.015,2
1665506408,14300607,True,4899649,100007.16,4900.0,-0.015,2
1665506467,14300608,True,15000031,100032.03,15004.84,-0.015,2
1665506486,14300609,True,9913469,100032.04,9916.65,-0.015,2
1665506536,14300610,True,15004956,100055.62,15013.3,-0.015,2
1665506636,14300611,False,12700,100062.41,12.71,-0.015,0
1665506643,14300612,False,147269,100062.41,147.36,-0.015,2
1665506668,14300613,True,14998998,100062.41,15008.36,-0.015,2
1665506668,14300614,True,1023014,100062.41,1023.65,-0.015,2
1665506761,14300615,False,5651,100148.538,5.66,-0.014,0
1665506840,14300616,False,923940,100178.428,925.59,-0.014,2
1665506861,14300617,True,302000,100189.0,302.57,-0.013,2
1665506937,14300618,True,2370000,100254.304,2376.03,-0.013,2
1665506937,14300619,True,1281000,100383.607,1285.91,-0.012,2
1665506937,14300620,True,4250000,100384.402,4266.34,-0.012,2
1665506937,14300621,True,1323000,100384.402,1328.09,-0.012,2
1665506937,14300622,True,675000,100384.592,677.6,-0.012,2
1665506937,14300623,True,5309320,100384.96,5329.76,-0.012,2
1665506937,14300624,True,1337000,100384.96,1342.15,-0.012,2
1665506937,14300625,True,1504000,100385.111,1509.79,-0.012,2
1665506937,14300626,True,2252000,100385.199,2260.67,-0.012,2
1665506937,14300627,True,25525077,100386.249,25623.67,-0.011,1
1665506972,14300628,True,1394851,100369.074,1400.0,-0.012,2
1665506990,14300629,True,74731,100359.79,75.0,-0.012,0
1665507000,14300630,False,119570,100190.173,119.8,-0.013,2
1665507022,14300631,False,106090,100199.601,106.3,-0.013,2
1665507032,14300632,True,149439,100375.198,150.0,-0.012,2
1665507077,14300633,False,400000,100167.805,400.67,-0.014,2
1665507098,14300634,True,578000,100359.754,580.08,-0.012,2
1665507098,14300635,True,1145000,100360.545,1149.13,-0.012,2
1665507098,14300636,True,932430,100360.589,935.79,-0.012,2
1665507131,14300637,True,49820,100360.115,50.0,-0.012,0
1665507364,14300638,False,6550,100305.858,6.57,-0.012,0
1665507424,14300639,False,707000,100317.336,709.24,-0.012,2
1665507424,14300640,False,762000,100316.365,764.41,-0.012,2
1665507424,14300641,False,747000,100309.275,749.31,-0.012,2
1665507424,14300642,False,723000,100307.444,725.22,-0.012,2
1665507424,14300643,False,361000,100307.395,362.11,-0.012,2
1665507424,14300644,False,1750000,100306.928,1755.37,-0.012,2
1665507424,14300645,False,1516000,100274.777,1520.17,-0.013,2
1665507424,14300646,False,1584000,100273.925,1588.34,-0.013,2
1665507424,14300647,False,1271000,100273.317,1274.47,-0.013,2
1665507424,14300648,False,579000,100273.024,580.58,-0.013,2
1665507451,14300649,True,249200,100320.88,250.0,-0.012,2
1665507546,14300650,True,14955,100297.524,15.0,-0.012,0
1665507612,14300651,True,9970,100297.78,10.0,-0.012,0
1665507622,14300652,True,2000,100294.185,2.01,-0.012,0
1665507643,14300653,False,2000,100251.01,2.01,-0.013,0
1665507643,14300654,False,94701,100251.0,94.94,-0.013,0
1665507735,14300655,False,2000,100250.0,2.01,-0.013,0
1665507735,14300656,False,2000,100249.99,2.0,-0.013,0
1665507735,14300657,False,2000,100219.99,2.0,-0.013,0
1665507735,14300658,False,2000,100200.0,2.0,-0.013,0
1665507735,14300659,False,33992000,100184.0,34054.55,-0.013,1
1665507892,14300660,True,99702,100298.613,100.0,-0.012,2
1665507905,14300661,False,986957,100199.3,988.93,-0.013,2
1665507982,14300662,False,1900000,100184.0,1903.5,-0.013,2
1665507982,14300663,False,7759700,100184.0,7773.98,-0.013,2
1665508102,14300664,False,273060,100184.0,273.56,-0.013,2
1665508128,14300665,True,498474,100305.872,500.0,-0.012,2
1665508135,14300666,True,1218000,100303.398,1221.7,-0.012,2
1665508135,14300667,True,277460,100304.264,278.3,-0.012,2
1665508151,14300668,True,21934,100296.464,22.0,-0.012,0
1665508157,14300669,True,99705,100294.979,100.0,-0.012,2
1665508245,14300670,True,1450000,100302.416,1454.39,-0.012,2
1665508245,14300671,True,886562,100304.171,889.26,-0.012,2
1665508245,14300672,True,1529000,100306.964,1533.69,-0.012,2
1665508245,14300673,True,1466000,100307.033,1470.5,-0.012,2
1665508245,14300674,True,1418000,100308.644,1422.38,-0.012,2
1665508245,14300675,True,1226000,100308.646,1229.78,-0.012,2
1665508251,14300676,False,2000,100190.668,2.0,-0.013,0
1665508304,14300677,True,1377000,100303.974,1381.19,-0.012,2
1665508304,14300678,True,1115410,100305.195,1118.81,-0.012,2
1665508328,14300679,True,138635,100298.63,139.05,-0.012,2
1665508352,14300680,False,21923,100167.807,21.96,-0.014,0
1665508377,14300681,True,49856,100288.339,50.0,-0.012,0
1665508411,14300682,False,87930,100191.355,88.1,-0.013,0
1665508481,14300683,True,103707,100281.675,104.0,-0.013,2
1665508490,14300684,True,199445,100277.843,200.0,-0.013,2
1665508525,14300685,False,74435,100213.375,74.59,-0.013,0
1665508620,14300686,False,194900,100206.645,195.3,-0.013,2
1665508623,14300687,True,5486078,100286.435,5501.79,-0.012,2
1665508623,14300688,True,1103000,100380.422,1107.2,-0.012,2
1665508623,14300689,True,528000,100388.453,530.05,-0.011,2
1665508623,14300690,True,210135,100392.607,210.96,-0.011,2
1665508646,14300691,True,309104,100380.326,310.28,-0.012,2
1665508648,14300692,True,14820,100380.326,14.88,-0.012,0
1665508733,14300693,True,19950000,100250.0,19999.88,-0.013,2
1665508734,14300694,True,9959835,100250.0,9984.73,-0.013,2
1665508734,14300695,True,15165,100359.222,15.22,-0.012,0
1665508773,14300696,True,995,100426.986,1.0,-0.011,0
1665508820,14300697,False,161019,100278.935,161.47,-0.013,2
1665508831,14300698,True,24170,100410.577,24.27,-0.011,0
1665508854,14300699,False,102224,100272.614,102.5,-0.013,2
1665508938,14300700,False,410000,100313.352,411.28,-0.012,2
1665508963,14300701,True,160907,100400.266,161.55,-0.011,2
1665508963,14300702,True,1333098,100401.368,1338.45,-0.011,2
1665509000,14300703,False,3100,100334.666,3.11,-0.012,0
1665509001,14300704,True,1992004,100401.368,2000.0,-0.011,2
1665509008,14300705,False,101490,100338.97,101.83,-0.012,2
1665509104,14300706,False,1145540,100330.474,1149.33,-0.012,2
1665509129,14300707,False,417999,100340.0,419.42,-0.012,2
1665509129,14300708,False,835999,100339.497,838.84,-0.012,2
1665509129,14300709,False,809000,100338.982,811.74,-0.012,2
1665509129,14300710,False,239998,100338.649,240.81,-0.012,2
1665509138,14300711,False,404000,100342.895,405.39,-0.012,2
1665509138,14300712,False,404000,100341.812,405.38,-0.012,2
1665509155,14300713,False,784998,100345.173,787.71,-0.012,2
1665509168,14300714,False,386000,100325.227,387.26,-0.012,2
1665509168,14300715,False,805000,100311.682,807.51,-0.012,2
1665509168,14300716,False,979000,100311.371,982.05,-0.012,2
1665509182,14300717,False,722000,100316.452,724.28,-0.012,2
1665509182,14300718,False,548000,100316.35,549.73,-0.012,2
1665509251,14300719,False,8140,100297.844,8.16,-0.012,0
1665509293,14300720,False,1430000,100313.81,1434.49,-0.012,2
1665509293,14300721,False,1151001,100313.81,1154.61,-0.012,2
1665509335,14300722,False,540000,100318.953,541.72,-0.012,2
1665509356,14300723,False,42595,100291.733,42.72,-0.012,0
1665509369,14300724,True,298608,100395.8,299.79,-0.011,2
1665509390,14300725,True,498057,100390.077,500.0,-0.011,2
1665509394,14300726,True,1200000,100388.171,1204.66,-0.011,2
1665509394,14300727,True,891877,100388.402,895.34,-0.011,2
1665509425,14300728,True,9961,100381.85,10.0,-0.012,0
1665509451,14300729,False,411885,100305.938,413.15,-0.012,2
1665509503,14300730,False,109491,100300.0,109.82,-0.012,2
1665509610,14300731,False,890507,100300.0,893.18,-0.012,2
1665509645,14300732,False,1,100300.0,0.0,-0.012,0
1665509645,14300733,False,1530000,100252.862,1533.87,-0.013,2
1665509645,14300734,False,14323422,100252.862,14359.64,-0.013,2
1665509645,14300735,False,2010000,100251.418,2015.05,-0.013,2
1665509645,14300736,False,32136576,100251.418,32217.37,-0.013,1
1665509667,14300737,True,46143,100361.776,46.31,-0.012,0
1665509682,14300738,True,149551,100300.0,150.0,-0.012,2
1665509794,14300739,True,19940,100300.0,20.0,-0.012,0
1665509815,14300740,False,100000,100267.892,100.27,-0.013,2
1665509965,14300741,False,46160,100234.65,46.27,-0.013,0
1665509978,14300742,True,49869,100261.519,50.0,-0.013,0
1665510014,14300743,True,199508,100246.214,200.0,-0.013,2
1665510090,14300744,False,33840,100234.65,33.92,-0.013,0
1665510108,14300745,False,50440,100113.717,50.5,-0.014,0
1665510137,14300746,True,49569,100212.696,49.67,-0.013,0
1665510214,14300747,False,244939,100103.0,245.19,-0.014,2
1665510254,14300748,False,2000,100100.0,2.0,-0.014,0
1665510254,14300749,False,57609,100069.649,57.65,-0.015,0
1665510276,14300750,False,19990,100046.656,20.0,-0.015,0
1665510283,14300751,False,107822,100049.989,107.88,-0.015,2
1665510413,14300752,False,253508,100093.023,253.74,-0.014,2
1665510564,14300753,False,261623,100080.0,261.83,-0.015,2
1665510573,14300754,False,512756,100080.0,513.17,-0.015,2
1665510573,14300755,False,1085678,100077.781,1086.52,-0.015,2
1665510577,14300756,True,843086,100100.0,843.93,-0.014,2
1665510577,14300757,True,1990000,100119.906,1992.39,-0.014,2
1665510577,14300758,True,585000,100131.803,585.77,-0.014,2
1665510577,14300759,True,1575624,100145.268,1577.91,-0.014,2
1665510611,14300760,True,35552,100188.821,35.62,-0.013,0
1665510633,14300761,True,60691,100178.847,60.8,-0.014,0
1665510766,14300762,True,99777,100222.63,100.0,-0.013,2
1665510807,14300763,False,1187264,100123.432,1188.73,-0.014,2
1665510814,14300764,True,35265,100266.828,35.36,-0.013,0
1665510835,14300765,False,100000,100136.685,100.14,-0.014,2
1665510850,14300766,True,2500000,100252.252,2506.31,-0.013,2
1665510850,14300767,True,1192000,100287.24,1195.42,-0.012,2
1665510850,14300768,True,795981,100287.5,798.27,-0.012,2
