timestamp,tid,bool_type,satoshi,price,volume,var_mean,bool_volume
1663608510,14227484,True,3018858,99375.303,3000.0,0.0038,2
1663608514,14227485,False,328523,99195.724,325.88,0.002,2
1663608536,14227486,True,55343,99378.698,55.0,0.0039,0
1663608626,14227487,False,100810,99200.0,100.0,0.0021,2
1663608626,14227488,False,762190,99195.3,756.06,0.002,2
1663608631,14227489,True,1006,99363.84,1.0,0.0037,0
1663608636,14227490,True,101648,99361.975,101.0,0.0037,2
1663608666,14227491,True,3018718,99379.934,3000.0,0.0039,2
1663608672,14227492,False,7669,99196.167,7.61,0.002,0
1663608710,14227493,True,5000000,99379.924,4969.0,0.0039,2
1663608710,14227494,True,31197,99379.934,31.0,0.0039,0
1663608717,14227495,False,7145,99194.115,7.09,0.002,0
1663608718,14227496,True,201248,99379.934,200.0,0.0039,2
1663608742,14227497,True,19118,99379.934,19.0,0.0039,0
1663608751,14227498,True,251558,99379.924,250.0,0.0039,2
1663608760,14227499,True,251558,99379.924,250.0,0.0039,2
1663608778,14227500,True,1006240,99379.934,1000.0,0.0039,2
1663608792,14227501,False,1115343,99195.855,1106.37,0.002,2
1663608798,14227502,False,1668000,99195.319,1654.58,0.002,2
1663608798,14227503,False,666000,99193.481,660.63,0.002,2
1663608798,14227504,False,625450,99193.23,620.4,0.002,2
1663608802,14227505,False,636000,99195.179,630.88,0.002,2
1663608802,14227506,False,263999,99193.644,261.87,0.002,2
1663608805,14227507,True,100627,99376.533,100.0,0.0038,2
1663608811,14227508,False,1320644,99196.451,1310.03,0.002,2
1663608811,14227509,False,2741000,99196.451,2718.97,0.002,2
1663608811,14227510,False,1601000,99195.112,1588.11,0.002,2
1663608811,14227511,False,1237000,99194.816,1227.04,0.002,2
1663608811,14227512,False,1237000,99192.501,1227.01,0.002,2
1663608811,14227513,False,1863356,99189.252,1848.25,0.002,2
1663608814,14227514,False,172197,99196.269,170.81,0.002,2
1663608820,14227515,True,20126,99370.659,20.0,0.0038,0
1663608821,14227516,False,1887000,99189.442,1871.7,0.002,2
1663608821,14227517,False,558000,99181.807,553.43,0.0019,2
1663608821,14227518,False,17098720,99180.0,16958.51,0.0019,2
1663608822,14227519,False,2645803,99180.0,2624.11,0.0019,2
1663608822,14227520,False,10000000,99180.0,9918.0,0.0019,2
1663608824,14227521,True,41330,99369.023,41.07,0.0038,0
1663608826,14227522,False,7998,99180.0,7.93,0.0019,0
1663608827,14227523,True,7084,99367.697,7.04,0.0038,0
1663608833,14227524,False,282000,99180.0,279.69,0.0019,2
1663608839,14227525,False,15000000,99180.0,14877.0,0.0019,2
1663608841,14227526,False,4965479,99180.0,4924.76,0.0019,2
1663608841,14227527,False,278521,99100.0,276.01,0.0011,2
1663608845,14227528,False,4182,99101.104,4.14,0.0011,0
1663608852,14227529,False,552000,99104.745,547.06,0.0011,2
1663608852,14227530,False,564000,99102.907,558.94,0.0011,2
1663608852,14227531,False,22638000,99100.0,22434.26,0.0011,1
1663608857,14227532,False,547818,99100.0,542.89,0.0011,2
1663608862,14227533,False,50488999,99100.0,50034.6,0.0011,1
1663608865,14227534,False,12310,99100.0,12.2,0.0011,0
1663608866,14227535,True,788000,99349.95,782.88,0.0036,2
1663608866,14227536,True,218630,99350.306,217.21,0.0036,2
1663608870,14227537,False,14999999,99100.0,14865.0,0.0011,2
1663608872,14227538,False,11034353,99100.0,10935.04,0.0011,2
1663608872,14227539,False,849577,99056.26,841.56,0.00061,2
1663608872,14227540,False,867544,99000.0,858.87,4e-05,2
1663608872,14227541,False,20202,99000.0,20.0,4e-05,0
1663608872,14227542,False,5000,99000.0,4.95,4e-05,0
1663608872,14227543,False,500000,99000.0,495.0,4e-05,2
1663608872,14227544,False,783212,99000.0,775.38,4e-05,2
1663608872,14227545,False,101010,99000.0,100.0,4e-05,2
1663608872,14227546,False,505050,99000.0,500.0,4e-05,2
1663608872,14227547,False,25999,99000.0,25.74,4e-05,0
1663608872,14227548,False,545000,98985.989,539.47,-0.0001,2
1663608872,14227549,False,2029,98984.61,2.01,-0.00012,0
1663608872,14227550,False,1395000,98954.978,1380.42,-0.00041,2
1663608872,14227551,False,1918000,98954.037,1897.94,-0.00042,2
1663608872,14227552,False,1352000,98953.613,1337.85,-0.00043,2
1663608872,14227553,False,767000,98953.523,758.97,-0.00043,2
1663608872,14227554,True,789000,99348.432,783.86,0.0036,2
1663608872,14227555,True,771166,99348.575,766.14,0.0036,2
1663608876,14227556,False,6480,98954.224,6.41,-0.00042,0
1663608883,14227557,False,160000,98950.08,158.32,-0.00046,2
1663608883,14227558,False,979001,98928.75,968.51,-0.00068,2
1663608891,14227559,False,22176959,98928.75,21939.39,-0.00068,1
1663608895,14227560,True,869000,99335.944,863.23,0.0034,2
1663608895,14227561,True,137683,99336.922,136.77,0.0034,2
1663608903,14227562,False,552000,98929.749,546.09,-0.00067,2
1663608903,14227563,False,1104000,98891.333,1091.76,-0.0011,2
1663608903,14227564,False,1271000,98888.769,1256.88,-0.0011,2
1663608903,14227565,False,2000000,98880.33,1977.61,-0.0012,2
1663608918,14227566,False,1240000,98850.0,1225.74,-0.0015,2
1663608918,14227567,False,256808,98850.0,253.85,-0.0015,2
1663608933,14227568,False,1250000,98800.0,1235.0,-0.002,2
1663608933,14227569,False,28224,98800.0,27.89,-0.002,0
1663608935,14227570,True,40273,99320.258,40.0,0.0033,0
1663608950,14227571,True,9162,99314.752,9.1,0.0032,0
1663608953,14227572,False,72990,98800.0,72.11,-0.002,0
1663608953,14227573,False,10000,98715.0,9.87,-0.0028,0
1663608953,14227574,False,50650,98715.0,50.0,-0.0028,0
1663608953,14227575,False,1013068,98710.0,1000.0,-0.0029,2
1663608953,14227576,False,2241000,98584.364,2209.28,-0.0042,2
1663608953,14227577,False,1706999,98584.318,1682.83,-0.0042,2
1663608953,14227578,False,1024000,98583.721,1009.5,-0.0042,2
1663608953,14227579,False,1230262,98583.593,1212.84,-0.0042,2
1663608955,14227580,False,101547,98585.519,100.11,-0.0041,2
1663608974,14227581,True,1006,99305.368,1.0,0.0031,0
1663608988,14227582,True,38462,99299.998,38.19,0.0031,0
1663608988,14227583,True,251762,99299.998,250.0,0.0031,2
1663608994,14227584,True,696622,99297.712,691.73,0.003,2
1663609031,14227585,True,151081,99284.301,150.0,0.0029,2
1663609038,14227586,False,392199,98567.92,386.58,-0.0043,2
1663609056,14227587,False,41041,98570.986,40.45,-0.0043,0
1663609071,14227588,True,10788,99251.346,10.71,0.0026,0
1663609073,14227589,True,141056,99251.346,140.0,0.0026,2
1663609101,14227590,True,9320,99239.027,9.25,0.0025,0
1663609110,14227591,True,4029,99233.857,4.0,0.0024,0
1663609154,14227592,False,1010000,98567.92,995.54,-0.0043,2
1663609154,14227593,False,304297,98567.92,299.94,-0.0043,2
1663609154,14227594,False,863486,98509.133,850.61,-0.0049,2
1663609168,14227595,True,100797,99207.803,100.0,0.0021,2
1663609179,14227596,True,180033,99203.513,178.6,0.0021,2
1663609221,14227597,True,23454,99090.279,23.24,0.00095,0
1663609222,14227598,False,2020,98515.622,1.99,-0.0049,0
1663609236,14227599,True,990000,99082.835,980.92,0.00088,2
1663609236,14227600,True,1592000,99082.835,1577.4,0.00088,2
1663609236,14227601,True,1159000,99083.527,1148.38,0.00088,2
1663609236,14227602,True,296013,99084.509,293.3,0.00089,2
1663609242,14227603,True,94620,99080.278,93.75,0.00085,0
1663609261,14227604,True,353279,99071.705,350.0,0.00076,2
1663609267,14227605,True,1622718,98600.0,1600.0,-0.004,2
1663609288,14227606,True,10094,99060.512,10.0,0.00065,0
1663609315,14227607,True,888000,99047.137,879.54,0.00052,2
1663609315,14227608,True,980000,99048.507,970.68,0.00053,2
1663609315,14227609,True,1125000,99048.507,1114.3,0.00053,2
1663609315,14227610,True,937000,99048.515,928.08,0.00053,2
1663609315,14227611,True,946999,99049.114,938.0,0.00054,2
1663609315,14227612,True,1113000,99049.21,1102.42,0.00054,2
1663609315,14227613,True,1595000,99050.333,1579.85,0.00055,2
1663609315,14227614,True,1065000,99050.389,1054.89,0.00055,2
1663609315,14227615,True,1496000,99050.409,1481.79,0.00055,2
1663609315,14227616,True,959569,99050.648,950.46,0.00055,2
1663609318,14227617,True,311356,99047.137,308.39,0.00052,2
1663609329,14227618,False,1063000,98592.378,1048.04,-0.0041,2
1663609329,14227619,False,1270000,98591.905,1252.12,-0.0041,2
1663609329,14227620,False,617428,98591.905,608.73,-0.0041,2
1663609330,14227621,False,2023,98592.799,1.99,-0.0041,0
1663609332,14227622,True,803000,99041.127,795.3,0.00046,2
1663609332,14227623,True,752000,99042.443,744.8,0.00047,2
1663609332,14227624,True,396000,99043.181,392.21,0.00048,2
1663609332,14227625,True,6126286,99043.52,6067.69,0.00048,2
1663609339,14227626,True,19093,99037.621,18.91,0.00042,0
1663609356,14227627,True,50488,99031.715,50.0,0.00036,0
1663609373,14227628,False,507923,98605.268,500.84,-0.0039,2
1663609374,14227629,False,305549,98593.552,301.25,-0.0041,2
1663609376,14227630,True,369000,99024.232,365.4,0.00029,2
1663609376,14227631,True,945000,99024.712,935.78,0.00029,2
1663609376,14227632,True,1671000,99025.319,1654.71,0.0003,2
1663609376,14227633,True,1260000,99025.444,1247.72,0.0003,2
1663609376,14227634,True,796000,99025.444,788.24,0.0003,2
1663609376,14227635,True,390000,99025.8,386.2,0.0003,2
1663609376,14227636,True,936000,99026.577,926.89,0.00031,2
1663609376,14227637,True,731000,99026.86,723.89,0.00031,2
1663609376,14227638,True,1654000,99026.97,1637.91,0.00031,2
1663609376,14227639,True,877000,99027.025,868.47,0.00031,2
1663609376,14227640,True,1671000,99027.691,1654.75,0.00032,2
1663609376,14227641,True,1286000,99027.701,1273.5,0.00032,2
1663609376,14227642,True,1272000,99028.705,1259.65,0.00033,2
1663609376,14227643,True,35367400,99028.842,35023.93,0.00033,1
1663609376,14227644,True,41657529,99028.846,41252.97,0.00033,1
1663609401,14227645,True,100421,99012.503,99.43,0.00017,0
1663609433,14227646,True,20201,99000.237,20.0,4.3e-05,0
1663609437,14227647,True,303035,98998.451,300.0,2.5e-05,2
1663609438,14227648,True,30302,98997.429,30.0,1.4e-05,0
1663609449,14227649,False,10000,98542.401,9.85,-0.0046,0
1663609494,14227650,True,50517,98976.076,50.0,-0.0002,0
1663609499,14227651,False,591714,98545.533,583.11,-0.0046,2
1663609504,14227652,True,1616,98972.467,1.6,-0.00024,0
1663609507,14227653,True,32332,98971.463,32.0,-0.00025,0
1663609515,14227654,True,151564,98967.998,150.0,-0.00028,2
1663609521,14227655,True,278000,98965.427,275.12,-0.00031,2
1663609521,14227656,True,1070000,98965.574,1058.93,-0.00031,2
1663609521,14227657,True,545000,98965.574,539.36,-0.00031,2
1663609521,14227658,True,127903,98966.502,126.58,-0.0003,2
1663609539,14227659,True,140000,98957.876,138.54,-0.00039,2
1663609539,14227660,True,62106,98957.876,61.46,-0.00039,0
1663609542,14227661,True,202111,98955.524,200.0,-0.00041,2
1663609545,14227662,False,28253,98538.739,27.84,-0.0046,0
1663609548,14227663,True,546000,98954.261,540.29,-0.00042,2
1663609548,14227664,True,535000,98955.219,529.41,-0.00041,2
1663609548,14227665,True,547000,98956.421,541.29,-0.0004,2
1663609548,14227666,True,393109,98956.564,389.01,-0.0004,2
1663609559,14227667,True,703528,98952.664,696.16,-0.00044,2
1663609565,14227668,True,50411,99183.785,50.0,0.0019,0
1663609574,14227669,True,511000,99179.157,506.81,0.0019,2
1663609574,14227670,True,93963,99181.991,93.19,0.0019,0
1663609585,14227671,True,1008,99173.904,1.0,0.0018,0
1663609702,14227672,True,487000,99124.976,482.74,0.0013,2
1663609702,14227673,True,623000,99125.662,617.55,0.0013,2
1663609702,14227674,True,487000,99126.114,482.74,0.0013,2
1663609702,14227675,True,1264385,99126.475,1253.34,0.0013,2
1663609702,14227676,True,238000,99127.404,235.92,0.0013,2
1663609702,14227677,True,572000,99127.444,567.01,0.0013,2
1663609702,14227678,True,498000,99127.972,493.66,0.0013,2
1663609702,14227679,True,610000,99128.211,604.68,0.0013,2
1663609702,14227680,True,585000,99129.283,579.91,0.0013,2
1663609702,14227681,True,803000,99130.396,796.02,0.0014,2
1663609702,14227682,True,167888,99130.627,166.43,0.0014,2
1663609711,14227683,False,810000,98554.89,798.29,-0.0045,2
1663609711,14227684,False,1173778,98554.89,1156.82,-0.0045,2
1663609716,14227685,True,100888,99118.174,100.0,0.0012,2
1663609782,14227686,True,262393,99087.902,260.0,0.00093,2
1663609808,14227687,True,214000,99076.38,212.02,0.00081,2
1663609808,14227688,True,38329,99078.325,37.98,0.00083,0
1663609811,14227689,True,30280,99075.224,30.0,0.0008,0
1663609837,14227690,True,14554,99068.641,14.42,0.00073,0
1663609844,14227691,True,28263,99068.226,28.0,0.00073,0
1663609891,14227692,False,90291,98612.986,89.04,-0.0039,0
1663609908,14227693,True,13125,99045.46,13.0,0.0005,0
1663609916,14227694,True,221000,99044.161,218.89,0.00049,2
1663609916,14227695,True,281129,99044.219,278.44,0.00049,2
1663609956,14227696,True,1060000,99015.433,1049.56,0.0002,2
1663609956,14227697,True,407000,99015.433,402.99,0.0002,2
1663609956,14227698,True,890000,99017.253,881.25,0.00021,2
1663609956,14227699,True,434000,99017.253,429.73,0.00021,2
1663609956,14227700,True,407000,99022.782,403.02,0.00027,2
1663609956,14227701,True,510000,99024.914,505.03,0.00029,2
1663609956,14227702,True,215000,99025.67,212.91,0.0003,2
1663609956,14227703,True,515999,99029.606,510.99,0.00034,2
1663609956,14227704,True,921000,99031.478,912.08,0.00036,2
1663609956,14227705,True,4738259,99032.721,4692.43,0.00037,2
1663609992,14227706,True,50499,99011.264,50.0,0.00015,0
1663609997,14227707,True,189000,99005.75,187.12,9.8e-05,2
1663609997,14227708,True,753000,99009.87,745.54,0.00014,2
1663609997,14227709,True,367000,99010.45,363.37,0.00015,2
1663609997,14227710,True,769000,99011.01,761.39,0.00015,2
1663609997,14227711,True,769000,99011.11,761.4,0.00015,2
1663609997,14227712,True,454000,99011.522,449.51,0.00016,2
1663609997,14227713,True,430999,99012.829,426.75,0.00017,2
1663609997,14227714,True,26566757,99014.411,26304.92,0.00019,1
1663610010,14227715,True,154000,98998.289,152.46,2.3e-05,2
1663610010,14227716,True,112669,99000.205,111.54,4.2e-05,2
1663610037,14227717,True,202025,98997.524,200.0,1.5e-05,2
1663610048,14227718,True,312000,98992.684,308.86,-3.3e-05,2
1663610048,14227719,True,193084,98994.3,191.14,-1.7e-05,2
1663610069,14227720,False,1488540,98601.442,1467.72,-0.004,2
1663610103,14227721,True,40398,99014.411,40.0,0.00019,0
1663610107,14227722,True,16159,99014.411,16.0,0.00019,0
1663610123,14227723,True,15149,99014.401,15.0,0.00019,0
1663610125,14227724,True,26703,99014.401,26.44,0.00019,0
1663610141,14227725,True,41862,99014.401,41.45,0.00019,0
1663610190,14227726,True,504642,99079.999,500.0,0.00085,2
1663610199,14227727,True,20185,99082.72,20.0,0.00088,0
1663610301,14227728,True,70669,99053.174,70.0,0.00058,0
1663610302,14227729,True,50477,99053.174,50.0,0.00058,0
1663610323,14227730,True,160000,99042.405,158.47,0.00047,2
1663610323,14227731,True,396999,99042.895,393.2,0.00047,2
1663610323,14227732,True,385000,99043.782,381.32,0.00048,2
1663610323,14227733,True,67661,99043.921,67.01,0.00048,0
1663610329,14227734,False,553363,98560.631,545.4,-0.0044,2
1663610358,14227735,True,158000,99025.908,156.46,0.0003,2
1663610358,14227736,True,43966,99026.736,43.54,0.00031,0
1663610380,14227737,True,15360,99013.986,15.21,0.00018,0
1663610392,14227738,False,13507,98840.8,13.35,-0.0016,0
1663610447,14227739,True,2019,99048.477,2.0,0.00053,0
1663610464,14227740,False,396446,98856.888,391.91,-0.0014,2
1663610466,14227741,True,1010484,99015.835,1000.54,0.0002,2
1663610511,14227742,False,24366,98856.867,24.09,-0.0014,0
1663610515,14227743,True,13501,99015.782,13.37,0.0002,0
1663610515,14227744,True,36986,99042.423,36.63,0.00047,0
1663610541,14227745,False,189510,98917.8,187.46,-0.00079,2
1663610547,14227746,True,201934,99042.423,200.0,0.00047,2
1663610553,14227747,False,36550,98921.091,36.16,-0.00076,0
1663610570,14227748,False,98308,98930.622,97.26,-0.00066,0
1663610582,14227749,True,26162,99034.591,25.91,0.00039,0
1663610630,14227750,False,1833000,98933.506,1813.45,-0.00063,2
1663610630,14227751,False,57981,98933.031,57.36,-0.00064,0
1663610640,14227752,False,1030000,98933.501,1019.02,-0.00063,2
1663610640,14227753,False,517001,98933.203,511.49,-0.00063,2
1663610641,14227754,True,5048,99030.379,5.0,0.00035,0
1663610643,14227755,True,5048,99030.379,5.0,0.00035,0
1663610681,14227756,False,970000,98932.465,959.64,-0.00064,2
1663610694,14227757,False,1523000,98932.642,1506.74,-0.00064,2
1663610702,14227758,False,1452000,98931.631,1436.49,-0.00065,2
1663610702,14227759,False,396000,98929.649,391.76,-0.00067,2
1663610714,14227760,False,1393000,98930.056,1378.1,-0.00067,2
1663610714,14227761,False,315999,98928.463,312.61,-0.00068,2
1663610715,14227762,False,1092001,98928.463,1080.3,-0.00068,2
1663610715,14227763,False,712000,98926.39,704.36,-0.0007,2
1663610715,14227764,False,725999,98925.47,718.2,-0.00071,2
1663610724,14227765,False,1388000,98933.655,1373.2,-0.00063,2
1663610724,14227766,False,40001,98932.609,39.57,-0.00064,0
1663610725,14227767,False,664000,98932.313,656.91,-0.00064,2
1663610725,14227768,False,672000,98931.013,664.82,-0.00066,2
1663610725,14227769,False,897201,98930.485,887.61,-0.00066,2
1663610740,14227770,False,1373000,98933.019,1358.35,-0.00064,2
1663610740,14227771,False,1274000,98924.492,1260.3,-0.00072,2
1663610740,14227772,False,238000,98923.131,235.44,-0.00074,2
1663610752,14227773,False,730000,98843.547,721.56,-0.0015,2
1663610763,14227774,False,1261000,98849.214,1246.49,-0.0015,2
1663610772,14227775,False,790000,98854.273,780.95,-0.0014,2
1663610772,14227776,False,420000,98854.273,415.19,-0.0014,2
1663610782,14227777,False,13025,98856.826,12.88,-0.0014,0
1663610795,14227778,False,1274000,98847.316,1259.31,-0.0015,2
1663610795,14227779,False,207999,98846.978,205.6,-0.0015,2
1663610811,14227780,False,1407000,98855.351,1390.89,-0.0014,2
1663610811,14227781,False,586000,98854.285,579.29,-0.0014,2
1663610811,14227782,False,1041000,98853.893,1029.07,-0.0014,2
1663610817,14227783,False,350789,98856.26,346.78,-0.0014,2
1663610834,14227784,True,226591,98984.512,224.29,-0.00012,2
1663610837,14227785,False,820000,98849.442,810.57,-0.0015,2
1663610838,14227786,True,17295,98982.813,17.12,-0.00013,0
1663610846,14227787,False,770000,98854.483,761.18,-0.0014,2
1663610846,14227788,False,510000,98854.483,504.16,-0.0014,2
1663610857,14227789,True,505167,98977.16,500.0,-0.00019,2
1663610859,14227790,False,840000,98856.653,830.4,-0.0014,2
1663610859,14227791,False,119998,98844.691,118.61,-0.0015,2
1663610867,14227792,False,132897,98848.029,131.37,-0.0015,2
1663610870,14227793,False,610000,98848.622,602.98,-0.0015,2
1663610870,14227794,False,605000,98848.622,598.03,-0.0015,2
1663610870,14227795,False,449999,98848.029,444.82,-0.0015,2
1663610870,14227796,False,253999,98848.029,251.07,-0.0015,2
1663610871,14227797,True,57916,98969.409,57.32,-0.00027,0
1663610876,14227798,True,31221,98969.409,30.9,-0.00027,0
1663610885,14227799,False,555000,98843.303,548.58,-0.0015,2
1663610885,14227800,False,2016723,98795.035,1992.42,-0.002,2
1663610887,14227801,False,510000,98844.886,504.11,-0.0015,2
1663610890,14227802,False,76000,98844.886,75.12,-0.0015,0
1663610894,14227803,True,202098,98961.801,200.0,-0.00035,2
1663610905,14227804,True,378000,98957.161,374.06,-0.00039,2
1663610905,14227805,True,1100000,98957.816,1088.54,-0.00039,2
1663610905,14227806,True,543065,98957.816,537.41,-0.00039,2
1663610923,14227807,True,1030000,98948.22,1019.17,-0.00048,2
1663610923,14227808,True,759000,98948.22,751.02,-0.00048,2
1663610923,14227809,True,383000,98950.063,378.98,-0.00046,2
1663610923,14227810,True,677248,98951.05,670.14,-0.00045,2
1663610927,14227811,False,122179,98765.111,120.67,-0.0023,2
1663610933,14227812,True,5053,98944.239,5.0,-0.00052,0
1663610937,14227813,False,383984,98770.121,379.26,-0.0023,2
1663610941,14227814,True,276525,98940.042,273.59,-0.00057,2
1663610941,14227815,True,560000,98940.042,554.06,-0.00057,2
1663610941,14227816,True,355986,98940.042,352.21,-0.00057,2
1663610946,14227817,True,381000,98937.7,376.95,-0.00059,2
1663610946,14227818,True,5000000,98938.121,4946.91,-0.00058,2
1663610946,14227819,True,779000,98938.131,770.73,-0.00058,2
1663610946,14227820,True,389000,98939.586,384.87,-0.00057,2
1663610946,14227821,True,925000,98941.066,915.2,-0.00055,2
1663610946,14227822,True,895999,98941.906,886.52,-0.00055,2
1663610946,14227823,True,1533000,98942.079,1516.78,-0.00054,2
1663610946,14227824,True,1298000,98942.23,1284.27,-0.00054,2
1663610946,14227825,True,1258000,98942.262,1244.69,-0.00054,2
1663610946,14227826,True,763000,98942.433,754.93,-0.00054,2
1663610946,14227827,True,1550000,98942.812,1533.61,-0.00054,2
1663610946,14227828,True,895999,98942.85,886.53,-0.00054,2
1663610946,14227829,True,1584000,98944.056,1567.27,-0.00052,2
1663610946,14227830,True,13360264,99030.379,13230.72,0.00035,2
1663610952,14227831,True,410000,98934.531,405.63,-0.00062,2
1663610952,14227832,True,374000,98934.531,370.02,-0.00062,2
1663610952,14227833,True,226768,98935.162,224.35,-0.00061,2
1663610957,14227834,False,1588585,98775.844,1569.14,-0.0022,2
1663610957,14227835,False,589195,98775.844,581.98,-0.0022,2
1663610969,14227836,True,303234,98933.47,300.0,-0.00063,2
1663610971,14227837,True,101078,98932.471,100.0,-0.00064,2
1663610985,14227838,False,780683,98773.568,771.11,-0.0022,2
1663610997,14227839,True,45485,98932.451,45.0,-0.00064,0
1663611016,14227840,True,404858,98799.99,400.0,-0.002,2
1663611046,14227841,False,392742,98773.098,387.92,-0.0023,2
1663611069,14227842,False,673000,98775.367,664.76,-0.0022,2
1663611077,14227843,True,101213,98799.95,100.0,-0.002,2
1663611078,14227844,False,1569999,98774.433,1550.76,-0.0022,2
1663611121,14227845,True,101213,98799.91,100.0,-0.002,2
1663611132,14227846,False,57985,98774.144,57.27,-0.0022,0
1663611139,14227847,True,720000,98799.89,711.36,-0.002,2
1663611139,14227848,True,267845,98799.89,264.63,-0.002,2
1663611140,14227849,False,1490000,98775.853,1471.76,-0.0022,2
1663611140,14227850,False,719000,98774.148,710.19,-0.0022,2
1663611146,14227851,True,50606,98799.89,50.0,-0.002,0
1663611147,14227852,True,101213,98799.89,100.0,-0.002,2
1663611148,14227853,True,506073,98799.89,500.0,-0.002,2
1663611152,14227854,False,1276000,98772.886,1260.34,-0.0023,2
1663611152,14227855,False,231000,98768.926,228.16,-0.0023,2
1663611167,14227856,False,645000,98775.835,637.1,-0.0022,2
1663611167,14227857,False,579999,98774.696,572.89,-0.0022,2
1663611168,14227858,False,99659,98774.696,98.44,-0.0022,0
1663611175,14227859,True,167216,98799.88,165.21,-0.002,2
1663611176,14227860,False,1518611,98774.15,1500.0,-0.0022,2
1663611176,14227861,False,227890,98773.848,225.1,-0.0022,2
1663611190,14227862,False,1227000,98774.26,1211.96,-0.0022,2
1663611190,14227863,False,1144500,98772.846,1130.46,-0.0023,2
1663611195,14227864,True,25303,98799.87,25.0,-0.002,0
1663611200,14227865,False,607000,98774.745,599.56,-0.0022,2
1663611200,14227866,False,568999,98774.535,562.03,-0.0022,2
1663611200,14227867,True,197348,98800.0,194.98,-0.002,2
1663611227,14227868,True,708502,98800.0,700.0,-0.002,2
1663611227,14227869,True,5060,98800.0,5.0,-0.002,0
1663611232,14227870,False,561000,98771.512,554.11,-0.0023,2
1663611235,14227871,False,12000,98771.512,11.85,-0.0023,0
1663611235,14227872,False,2597000,98759.4,2564.78,-0.0024,2
1663611246,14227873,True,607287,98799.99,600.0,-0.002,2
1663611255,14227874,False,12580448,98720.3,12419.46,-0.0028,2
1663611259,14227875,True,372000,98773.981,367.44,-0.0022,2
1663611259,14227876,True,535535,98775.0,528.97,-0.0022,2
1663611259,14227877,True,999999,98775.0,987.75,-0.0022,2
1663611259,14227878,True,117249,98795.144,115.84,-0.002,2
1663611282,14227879,True,161946,98798.04,160.0,-0.002,2
1663611287,14227880,False,1148000,98631.361,1132.29,-0.0037,2
1663611287,14227881,False,1157000,98630.397,1141.15,-0.0037,2
1663611287,14227882,False,392172,98630.183,386.8,-0.0037,2
1663611303,14227883,False,541000,98635.186,533.62,-0.0036,2
1663611303,14227884,False,580391,98626.2,572.42,-0.0037,2
1663611310,14227885,True,530000,98786.983,523.57,-0.0021,2
1663611310,14227886,True,483564,98786.983,477.7,-0.0021,2
1663611311,14227887,True,253065,98788.848,250.0,-0.0021,2
1663611331,14227888,True,326771,98799.99,322.85,-0.002,2
1663611335,14227889,True,50606,98799.99,50.0,-0.002,0
1663611371,14227890,False,558000,98760.943,551.09,-0.0024,2
1663611371,14227891,False,234038,98760.549,231.14,-0.0024,2
1663611377,14227892,True,286232,98800.0,282.8,-0.002,2
1663611377,14227893,True,899999,99004.553,891.04,8.6e-05,2
1663611377,14227894,True,385000,99005.747,381.17,9.8e-05,2
1663611377,14227895,True,895000,99006.189,886.11,0.0001,2
1663611377,14227896,True,730000,99006.391,722.75,0.0001,2
1663611377,14227897,True,1669000,99017.821,1652.61,0.00022,2
1663611377,14227898,True,185350,99018.169,183.53,0.00022,2
1663611386,14227899,True,102125,99001.299,101.11,5.4e-05,2
1663611391,14227900,False,1000000,98895.7,988.96,-0.001,2
1663611396,14227901,True,1010,99001.075,1.0,5.1e-05,0
1663611404,14227902,True,39328,99012.26,38.94,0.00016,0
1663611408,14227903,True,89343,99010.961,88.46,0.00015,0
1663611408,14227904,True,5917,99010.961,5.86,0.00015,0
1663611419,14227905,True,10099,99015.99,10.0,0.0002,0
1663611493,14227906,False,72077,99001.29,71.36,5.3e-05,0
1663611498,14227907,False,116910,99001.29,115.74,5.3e-05,2
1663611498,14227908,False,88473,98931.07,87.53,-0.00066,0
1663611525,14227909,True,100989,99020.295,100.0,0.00025,2
1663611552,14227910,False,1083393,98928.03,1071.78,-0.00069,2
1663611553,14227911,True,362000,99012.631,358.43,0.00017,2
1663611553,14227912,True,343000,99013.903,339.62,0.00018,2
1663611553,14227913,True,687000,99014.325,680.23,0.00019,2
1663611553,14227914,True,627912,99015.144,621.73,0.00019,2
1663611563,14227915,False,1585415,98890.1,1567.82,-0.0011,2
1663611563,14227916,False,12166869,98890.1,12031.83,-0.0011,2
1663611588,14227917,True,50502,99004.073,50.0,8.2e-05,0
1663611627,14227918,True,11364,98991.776,11.25,-4.3e-05,0
1663611682,14227919,True,6800,98970.479,6.73,-0.00026,0
1663611682,14227920,True,217620,98970.479,215.38,-0.00026,2
1663611691,14227921,True,50522,98965.08,50.0,-0.00031,0
1663611692,14227922,True,6659,98963.561,6.59,-0.00033,0
1663611749,14227923,True,101002,99007.276,100.0,0.00011,2
1663611766,14227924,True,707000,99001.616,699.94,5.7e-05,2
1663611766,14227925,True,678000,99002.628,671.24,6.7e-05,2
1663611766,14227926,True,324000,99002.757,320.77,6.8e-05,2
1663611766,14227927,True,671000,99002.993,664.31,7.1e-05,2
1663611766,14227928,True,707000,99003.798,699.96,7.9e-05,2
1663611766,14227929,True,814000,99003.971,805.89,8.1e-05,2
1663611766,14227930,True,353000,99004.056,349.48,8.1e-05,2
1663611766,14227931,True,5000000,99004.421,4950.22,8.5e-05,2
1663611766,14227932,True,797000,99005.482,789.07,9.6e-05,2
1663611766,14227933,True,1167000,99014.75,1155.5,0.00019,2
1663611766,14227934,True,1485000,99019.337,1470.44,0.00024,2
1663611766,14227935,True,1469000,99020.363,1454.61,0.00025,2
1663611766,14227936,True,1423000,99021.65,1409.08,0.00026,2
1663611766,14227937,True,1131000,99027.922,1120.01,0.00032,2
1663611766,14227938,True,1119000,99028.673,1108.13,0.00033,2
1663611766,14227939,True,24558480,99030.379,24320.36,0.00035,1
1663611766,14227940,True,8078288,99166.973,8010.99,0.0017,2
1663611770,14227941,True,50495,99018.291,50.0,0.00023,0
1663611772,14227942,True,202014,99002.81,200.0,6.9e-05,2
1663611793,14227943,True,10084,99163.86,10.0,0.0017,0
1663611795,14227944,False,1100,98999.99,1.09,4e-05,0
1663611801,14227945,False,1100,98899.99,1.09,-0.00097,0
1663611801,14227946,False,1298900,98838.477,1283.81,-0.0016,2
1663611802,14227947,False,1705000,98839.819,1685.22,-0.0016,2
1663611802,14227948,False,406100,98838.477,401.38,-0.0016,2
1663611802,14227949,False,1376000,98837.785,1360.01,-0.0016,2
1663611802,14227950,False,718000,98837.648,709.65,-0.0016,2
1663611802,14227951,False,897899,98837.564,887.46,-0.0016,2
1663611812,14227952,False,1100,98799.99,1.09,-0.002,0
1663611812,14227953,False,1264000,98764.065,1248.38,-0.0023,2
1663611812,14227954,False,1361000,98762.43,1344.16,-0.0024,2
1663611812,14227955,False,1565900,98762.318,1546.52,-0.0024,2
1663611813,14227956,False,1100,98762.318,1.09,-0.0024,0
1663611813,14227957,False,632000,98762.248,624.18,-0.0024,2
1663611813,14227958,False,1334000,98761.92,1317.48,-0.0024,2
1663611813,14227959,False,1033801,98760.851,1020.99,-0.0024,2
1663611821,14227960,False,1517000,98761.219,1498.21,-0.0024,2
1663611849,14227961,False,1100,98699.99,1.09,-0.003,0
1663611849,14227962,True,506839,98650.64,500.0,-0.0035,2
1663611851,14227963,False,1120000,98620.515,1104.55,-0.0038,2
1663611851,14227964,False,1041000,98620.47,1026.64,-0.0038,2
1663611863,14227965,False,272070,98624.709,268.33,-0.0038,2
1663611866,14227966,True,303050,98993.393,300.0,-2.6e-05,2
1663611872,14227967,False,2435000,98616.597,2401.31,-0.0038,2
1663611872,14227968,False,41000,98614.743,40.43,-0.0039,0
1663611875,14227969,False,820000,98614.184,808.64,-0.0039,2
1663611879,14227970,False,1848000,98615.006,1822.41,-0.0038,2
1663611879,14227971,False,1790000,98614.645,1765.2,-0.0039,2
1663611879,14227972,False,1121000,98614.503,1105.47,-0.0039,2
1663611879,14227973,False,1305000,98614.498,1286.92,-0.0039,2
1663611879,14227974,False,536000,98614.391,528.57,-0.0039,2
1663611879,14227975,False,1109000,98614.256,1093.63,-0.0039,2
1663611879,14227976,False,1974000,98613.555,1946.63,-0.0039,2
1663611879,14227977,False,547000,98613.331,539.41,-0.0039,2
1663611881,14227978,False,784000,98613.331,773.13,-0.0039,2
1663611881,14227979,False,1100,98599.99,1.08,-0.004,0
1663611881,14227980,False,1808000,98590.223,1782.51,-0.0041,2
1663611881,14227981,False,970900,98590.028,957.21,-0.0041,2
1663611893,14227982,False,784000,98522.22,772.41,-0.0048,2
1663611902,14227983,True,18943,98979.404,18.75,-0.00017,0
1663611908,14227984,False,820000,98522.22,807.88,-0.0048,2
1663611908,14227985,False,50749,98522.22,50.0,-0.0048,0
1663611908,14227986,False,729251,98500.0,718.31,-0.005,2
1663611922,14227987,True,37890,98970.391,37.5,-0.00026,0
1663611931,14227988,True,101045,98965.033,100.0,-0.00031,2
1663611981,14227989,False,940000,98610.0,926.93,-0.0039,2
1663611981,14227990,False,142434,98610.0,140.45,-0.0039,2
1663611989,14227991,False,1082434,98610.0,1067.39,-0.0039,2
1663612006,14227992,False,11144157,98610.0,10989.25,-0.0039,2
1663612023,14227993,True,50544,98923.21,50.0,-0.00074,0
1663612027,14227994,True,45490,98921.116,45.0,-0.00076,0
1663612028,14227995,False,5929851,98610.0,5847.43,-0.0039,2
1663612037,14227996,True,15164,98915.983,15.0,-0.00081,0
1663612037,14227997,False,672670,98610.0,663.32,-0.0039,2
1663612037,14227998,False,17710000,98587.8,17459.9,-0.0041,2
1663612037,14227999,False,1437000,98515.796,1415.67,-0.0049,2
1663612037,14228000,False,398459,98512.014,392.53,-0.0049,2
1663612050,14228001,False,1495394,98500.0,1472.96,-0.005,2
1663612076,14228002,False,565140,98500.0,556.66,-0.005,2
1663612084,14228003,True,101151,98860.298,100.0,-0.0014,2
1663612100,14228004,True,60201,98850.947,59.51,-0.0015,0
1663612105,14228005,False,100000,98551.6,98.55,-0.0045,0
1663612117,14228006,True,30350,98844.151,30.0,-0.0015,0
1663612124,14228007,True,9004,98841.056,8.9,-0.0016,0
1663612140,14228008,True,11129,98833.853,11.0,-0.0016,0
1663612145,14228009,False,40470,98549.7,39.88,-0.0045,0
1663612180,14228010,False,182000,98534.1,179.33,-0.0047,2
1663612235,14228011,False,434999,98617.544,428.99,-0.0038,2
1663612235,14228012,False,812719,98614.6,801.46,-0.0039,2
1663612240,14228013,True,151837,98790.068,150.0,-0.0021,2
1663612245,14228014,False,260000,98717.1,256.66,-0.0028,2
1663612266,14228015,True,2121,98986.097,2.1,-0.0001,0
1663612278,14228016,True,10183,98982.282,10.08,-0.00014,0
1663612293,14228017,True,40413,98976.591,40.0,-0.0002,0
1663612306,14228018,False,1014,98805.2,1.0,-0.0019,0
1663612338,14228019,True,526000,98962.609,520.54,-0.00034,2
1663612338,14228020,True,1124141,98984.602,1112.73,-0.00012,2
1663612351,14228021,True,252571,98981.88,250.0,-0.00014,2
1663612366,14228022,True,522000,98977.029,516.66,-0.00019,2
1663612366,14228023,True,993427,98984.549,983.34,-0.00012,2
1663612376,14228024,False,449999,98888.355,445.0,-0.0011,2
1663612376,14228025,False,1058000,98886.851,1046.22,-0.0011,2
1663612376,14228026,False,1970999,98886.671,1949.06,-0.0011,2
1663612376,14228027,False,929000,98886.667,918.66,-0.0011,2
1663612376,14228028,False,1081000,98884.386,1068.94,-0.0011,2
1663612376,14228029,False,1035000,98883.061,1023.44,-0.0011,2
1663612376,14228030,False,1047000,98882.921,1035.3,-0.0011,2
1663612376,14228031,False,317300,98882.758,313.75,-0.0011,2
1663612379,14228032,True,25035,99000.0,24.78,4e-05,0
1663612403,14228033,True,505063,98997.441,500.0,1.5e-05,2
1663612437,14228034,True,7282,99000.0,7.21,4e-05,0
1663612438,14228035,True,20202,99000.0,20.0,4e-05,0
1663612448,14228036,True,8585,99000.0,8.5,4e-05,0
1663612455,14228037,True,505050,99000.0,500.0,4e-05,2
1663612466,14228038,True,35285,99191.615,35.0,0.002,0
1663612482,14228039,True,1367000,99185.124,1355.86,0.0019,2
1663612482,14228040,True,649441,99185.197,644.15,0.0019,2
1663612489,14228041,True,890000,99183.557,882.73,0.0019,2
1663612489,14228042,True,118231,99183.557,117.27,0.0019,2
1663612495,14228043,False,529478,99133.3,524.89,0.0014,2
1663612514,14228044,False,308463,99114.2,305.73,0.0012,2
1663612530,14228045,False,20000000,99150.7,19830.14,0.0016,2
1663612538,14228046,False,88858,99065.861,88.03,0.00071,0
1663612562,14228047,True,2016,99180.478,2.0,0.0019,0
1663612567,14228048,True,201652,99180.478,200.0,0.0019,2
1663612577,14228049,True,20589,99178.71,20.42,0.0018,0
1663612581,14228050,True,18098,99178.7,17.95,0.0018,0
1663612585,14228051,True,66254,99178.7,65.71,0.0018,0
1663612628,14228052,True,20167,99169.737,20.0,0.0018,0
1663612647,14228053,True,710000,99169.737,704.11,0.0018,2
1663612647,14228054,True,1162286,99169.737,1152.64,0.0018,2
1663612647,14228055,True,951005,99185.397,943.26,0.0019,2
1663612697,14228056,True,2440,99178.435,2.42,0.0018,0
1663612709,14228057,False,590000,99150.0,584.99,0.0016,2
1663612709,14228058,False,2154802,99150.0,2136.49,0.0016,2
1663612709,14228059,True,1008219,99184.734,1000.0,0.0019,2
1663612731,14228060,True,1008,99200.0,1.0,0.0021,0
1663612757,14228061,True,13556857,99200.0,13448.4,0.0021,2
1663612764,14228062,True,570453,99200.0,565.89,0.0021,2
1663612778,14228063,True,3622,99200.0,3.59,0.0021,0
1663612784,14228064,True,2501017,99300.0,2483.51,0.0031,2
1663612815,14228065,True,503575,99289.96,500.0,0.003,2
1663612848,14228066,True,60318,99289.96,59.89,0.003,0
1663612917,14228067,True,256107,99289.96,254.29,0.003,2
1663612917,14228068,True,221078,99571.825,220.13,0.0058,2
1663612922,14228069,True,314686,99568.842,313.33,0.0058,2
1663612936,14228070,True,502200,99561.797,500.0,0.0057,2
1663612947,14228071,True,50222,99557.078,50.0,0.0057,0
1663612971,14228072,True,20090,99548.247,20.0,0.0056,0
1663612993,14228073,False,102800,99365.1,102.15,0.0037,2
1663612996,14228074,True,100457,99544.227,100.0,0.0055,2
1663613023,14228075,True,94185,99538.126,93.75,0.0055,0
1663613052,14228076,False,1791614,99383.4,1780.57,0.0039,2
1663613063,14228077,True,200907,99529.229,199.96,0.0054,2
1663613069,14228078,True,10047,99526.489,10.0,0.0054,0
1663613079,14228079,False,1007,99383.4,1.0,0.0039,0
1663613079,14228080,False,1790607,99367.1,1779.27,0.0037,2
1663613095,14228081,True,670000,99524.8,666.82,0.0053,2
1663613095,14228082,True,1339549,99524.8,1333.18,0.0053,2
1663613134,14228083,False,906030,99365.1,900.28,0.0037,2
1663613135,14228084,False,2560,99365.1,2.54,0.0037,0
1663613139,14228085,True,30145,99513.617,30.0,0.0052,0
1663613152,14228086,False,1240000,99365.1,1232.13,0.0037,2
1663613152,14228087,False,12338851,99365.1,12260.51,0.0037,2
1663613157,14228088,False,5371149,99365.1,5337.05,0.0037,2
1663613157,14228089,False,447032,99278.683,443.81,0.0029,2
1663613161,14228090,True,40275,99315.42,40.0,0.0032,0
1663613171,14228091,False,200000,99335.2,198.67,0.0034,2
1663613171,14228092,False,1581074,99335.2,1570.56,0.0034,2
1663613171,14228093,False,17710000,99335.2,17592.26,0.0034,2
1663613183,14228094,True,7537,99504.826,7.5,0.0051,0
1663613194,14228095,False,31316,99329.3,31.11,0.0034,0
1663613203,14228096,True,9276,99501.026,9.23,0.0051,0
1663613206,14228097,True,507000,99499.254,504.46,0.0051,2
1663613206,14228098,True,623657,99499.888,620.54,0.0051,2
1663613248,14228099,False,414070,99357.0,411.41,0.0036,2
1663613287,14228100,True,1958,99577.153,1.95,0.0059,0
1663613307,14228101,True,1150000,99572.726,1145.09,0.0058,2
1663613307,14228102,True,858458,99587.106,854.91,0.006,2
1663613307,14228103,True,136694,99572.716,136.11,0.0058,2
1663613315,14228104,True,1908,99571.017,1.9,0.0058,0
1663613320,14228105,True,11177,99400.0,11.11,0.0041,0
1663613325,14228106,True,4024,99400.0,4.0,0.0041,0
1663613349,14228107,True,25153,99391.018,25.0,0.004,0
1663613358,14228108,True,481000,99396.28,478.1,0.004,2
1663613358,14228109,True,502000,99398.135,498.98,0.0041,2
1663613358,14228110,True,23063,99400.0,22.92,0.0041,0
1663613390,14228111,True,479000,99384.378,476.05,0.0039,2
1663613390,14228112,True,24103,99400.0,23.96,0.0041,0
1663613394,14228113,True,100605,99398.294,100.0,0.0041,2
1663613443,14228114,True,100000,99383.38,99.38,0.0039,0
1663613453,14228115,True,5023,99526.616,5.0,0.0054,0
1663613480,14228116,True,75442,99586.04,75.13,0.006,0
1663613508,14228117,False,11720,99522.0,11.66,0.0053,0
1663613534,14228118,True,256661,99742.191,256.0,0.0075,2
1663613592,14228119,True,506000,99697.843,504.47,0.0071,2
1663613592,14228120,True,998537,99698.652,995.53,0.0071,2
1663613596,14228121,True,111337,99696.527,111.0,0.0071,2
1663613611,14228122,False,880000,99540.445,875.96,0.0055,2
1663613620,14228123,False,880000,99537.689,875.93,0.0055,2
1663613640,14228124,True,1240000,99692.497,1236.19,0.007,2
1663613640,14228125,True,1697000,99692.497,1691.78,0.007,2
1663613640,14228126,True,1234000,99692.756,1230.21,0.007,2
1663613640,14228127,True,976000,99693.755,973.01,0.007,2
1663613640,14228128,True,1609000,99693.811,1604.07,0.007,2
1663613640,14228129,True,1133000,99693.994,1129.53,0.0071,2
1663613640,14228130,True,1697000,99694.603,1691.82,0.0071,2
1663613640,14228131,True,955000,99694.686,952.08,0.0071,2
1663613640,14228132,True,1234000,99695.666,1230.24,0.0071,2
1663613640,14228133,True,1592000,99695.756,1587.16,0.0071,2
1663613649,14228134,False,10184899,99697.0,10154.04,0.0071,2
1663613652,14228135,False,110356,99697.0,110.02,0.0071,2
1663613658,14228136,False,4794,99696.52,4.78,0.0071,0
1663613658,14228137,False,1071000,99538.262,1066.05,0.0055,2
1663613658,14228138,False,1244000,99537.764,1238.25,0.0055,2
1663613658,14228139,False,553000,99537.592,550.44,0.0055,2
1663613658,14228140,False,1786000,99537.144,1777.73,0.0055,2
1663613658,14228141,False,1355000,99536.832,1348.72,0.0055,2
1663613658,14228142,False,1037000,99536.588,1032.19,0.0055,2
1663613658,14228143,False,1786000,99536.187,1777.72,0.0055,2
1663613658,14228144,False,1355000,99536.08,1348.71,0.0055,2
1663613658,14228145,False,103462,99535.733,102.98,0.0055,2
1663613662,14228146,True,310000,99695.711,309.06,0.0071,2
1663613662,14228147,True,415000,99695.711,413.74,0.0071,2
1663613662,14228148,True,100000,99696.5,99.7,0.0071,0
1663613662,14228149,True,178049,99696.52,177.51,0.0071,2
1663613663,14228150,True,746951,99696.52,744.68,0.0071,2
1663613663,14228151,True,1384000,99696.52,1379.8,0.0071,2
1663613663,14228152,True,394000,99696.52,392.8,0.0071,2
1663613663,14228153,True,15000000,99700.0,14955.0,0.0071,2
1663613663,14228154,True,6206623,99829.837,6196.06,0.0084,2
1663613663,14228155,True,4339033,99829.839,4331.65,0.0084,2
1663613665,14228156,False,110356,99539.783,109.85,0.0055,2
1663613679,14228157,True,100308,99692.033,100.0,0.007,2
1663613691,14228158,True,170000,99691.703,169.48,0.007,2
1663613691,14228159,True,130927,99691.703,130.52,0.007,2
1663613694,14228160,True,23071,99691.703,23.0,0.007,0
1663613721,14228161,True,150276,99816.333,150.0,0.0083,2
1663613741,14228162,False,929000,99602.967,925.31,0.0061,2
1663613741,14228163,False,871000,99602.939,867.54,0.0061,2
1663613802,14228164,True,1446857,99910.467,1445.56,0.0092,2
1663613802,14228165,True,1076000,99912.398,1075.06,0.0093,2
1663613802,14228166,True,957000,99937.658,956.4,0.0095,2
1663613802,14228167,True,1112000,99938.855,1111.32,0.0095,2
1663613802,14228168,True,453000,99938.952,452.72,0.0095,2
1663613802,14228169,True,937000,99939.196,936.43,0.0095,2
1663613802,14228170,True,1529000,99939.225,1528.07,0.0095,2
1663613802,14228171,True,1172000,99939.53,1171.29,0.0095,2
1663613802,14228172,True,1562000,99939.725,1561.06,0.0095,2
1663613802,14228173,True,17710000,99940.8,17699.52,0.0095,2
1663613802,14228174,True,1923000,99987.001,1922.75,0.01,2
1663613802,14228175,True,2051000,99987.379,2050.74,0.01,2
1663613802,14228176,True,6172940,99988.58,6172.24,0.01,2
1663613802,14228177,True,6172940,99988.584,6172.24,0.01,2
1663613802,14228178,True,17806558,99988.584,17804.53,0.01,2
1663613802,14228179,True,17806558,99988.587,17804.53,0.01,2
1663613802,14228180,True,20859189,99988.59,20856.81,0.01,1
1663613802,14228181,True,20859189,99988.592,20856.81,0.01,1
1663613802,14228182,True,20859928,99988.593,20857.55,0.01,1
1663613802,14228183,True,20859925,99988.595,20857.55,0.01,1
1663613802,14228184,True,20859924,99988.596,20857.55,0.01,1
1663613802,14228185,True,59970000,99988.6,59963.16,0.01,1
1663613802,14228186,False,5000000,100000.0,5000.0,0.01,2
1663613812,14228187,False,1577354,100000.0,1577.35,0.01,2
1663613812,14228188,False,48457645,100000.0,48457.64,0.01,1
1663613812,14228189,False,9999992,100000.0,9999.99,0.01,2
1663613816,14228190,False,250000,100000.0,250.0,0.01,2
1663613820,14228191,False,5281,100000.0,5.28,0.01,0
1663613821,14228192,False,50034999,100000.0,50035.0,0.01,1
1663613825,14228193,False,15000008,100000.0,15000.01,0.01,2
1663613832,14228194,True,384840,100096.0,385.21,0.011,2
1663613833,14228195,False,25127000,100000.0,25127.0,0.01,1
1663613835,14228196,False,15000000,100000.0,15000.0,0.01,2
1663613841,14228197,False,8991000,100000.0,8991.0,0.01,2
1663613841,14228198,True,1241000,100090.886,1242.13,0.011,2
1663613841,14228199,True,1202000,100091.418,1203.1,0.011,2
1663613841,14228200,True,768000,100091.452,768.7,0.011,2
1663613841,14228201,True,380000,100091.493,380.35,0.011,2
1663613841,14228202,True,875000,100091.576,875.8,0.011,2
1663613841,14228203,True,529436,100091.769,529.92,0.011,2
1663613846,14228204,False,15000000,100000.0,15000.0,0.01,2
1663613856,14228205,False,8991000,100000.0,8991.0,0.01,2
1663613856,14228206,False,15000000,100000.0,15000.0,0.01,2
1663613861,14228207,False,15212999,100000.0,15213.0,0.01,2
1663613867,14228208,True,299754,100081.962,300.0,0.011,2
1663613868,14228209,False,54307,100000.0,54.31,0.01,0
1663613868,14228210,False,15000000,100000.0,15000.0,0.01,2
1663613871,14228211,False,10000000,100000.0,10000.0,0.01,2
1663613876,14228212,False,15000000,100000.0,15000.0,0.01,2
1663613882,14228213,False,9999999,100000.0,10000.0,0.01,2
1663613888,14228214,False,15000000,100000.0,15000.0,0.01,2
1663613897,14228215,False,15000000,100000.0,15000.0,0.01,2
1663613901,14228216,False,30000000,100000.0,30000.0,0.01,1
1663613906,14228217,True,99937,100062.609,100.0,0.011,2
1663613911,14228218,False,7110002,100050.0,7113.56,0.011,2
1663613914,14228219,False,7286777,100050.0,7290.42,0.011,2
1663613914,14228220,False,112713222,100000.0,112713.22,0.01,1
1663613917,14228221,False,1006540,100000.0,1006.54,0.01,2
1663613932,14228222,False,959999,99711.5,957.23,0.0072,2
1663613932,14228223,False,1441000,99711.5,1436.84,0.0072,2
1663613932,14228224,False,1279000,99710.555,1275.3,0.0072,2
1663613932,14228225,False,1240000,99709.558,1236.4,0.0072,2
1663613932,14228226,False,1963457,99709.059,1957.74,0.0072,2
1663613973,14228227,True,200127,99936.237,200.0,0.0095,2
1663613993,14228228,True,4803273,99931.847,4800.0,0.0095,2
1663614031,14228229,True,49927,100143.703,50.0,0.012,0
1663614105,14228230,True,765000,100120.169,765.92,0.011,2
1663614105,14228231,True,852000,100120.661,853.03,0.011,2
1663614105,14228232,True,733000,100121.614,733.89,0.011,2
1663614105,14228233,True,908000,100121.86,909.11,0.011,2
1663614105,14228234,True,358000,100122.097,358.44,0.011,2
1663614105,14228235,True,773000,100122.238,773.94,0.011,2
1663614105,14228236,True,861000,100122.34,862.05,0.011,2
1663614105,14228237,True,1621999,100192.902,1625.13,0.012,2
1663614105,14228238,True,1222000,100193.358,1224.36,0.012,2
1663614105,14228239,True,1235000,100193.416,1237.39,0.012,2
1663614105,14228240,True,1638999,100194.338,1642.19,0.012,2
1663614105,14228241,True,1606000,100194.508,1609.12,0.012,2
1663614105,14228242,True,7390655,100200.0,7405.44,0.012,2
1663614198,14228243,False,254330,99982.591,254.29,0.01,2
1663614229,14228244,True,199601,100199.99,200.0,0.012,2
1663614231,14228245,True,9980,100200.0,10.0,0.012,0
1663614235,14228246,True,2096067,100200.0,2100.26,0.012,2
1663614249,14228247,True,13882,100199.99,13.91,0.012,0
1663614263,14228248,False,87501,100156.657,87.64,0.012,0
1663614316,14228249,True,46027,100200.0,46.12,0.012,0
1663614329,14228250,False,82740,100185.485,82.89,0.012,0
1663614343,14228251,True,20519481,100200.0,20560.52,0.012,1
1663614366,14228252,True,104790,100200.0,105.0,0.012,2
1663614412,14228253,True,99800,100200.0,100.0,0.012,2
1663614418,14228254,True,1000000,100200.0,1002.0,0.012,2
1663614418,14228255,True,3047534,100200.0,3053.63,0.012,2
1663614461,14228256,True,1623299,100200.0,1626.55,0.012,2
1663614461,14228257,True,998,100200.0,1.0,0.012,0
1663614461,14228258,True,7438,100200.0,7.45,0.012,0
1663614503,14228259,True,898203,100200.0,900.0,0.012,2
1663614534,14228260,True,349301,100200.0,350.0,0.012,2
1663614561,14228261,True,1428708,100200.0,1431.57,0.012,2
1663614605,14228262,False,19960,100200.0,20.0,0.012,0
1663614606,14228263,True,1147929,100200.0,1150.22,0.012,2
1663614607,14228264,True,1498844,100200.0,1501.84,0.012,2
1663614611,14228265,True,14999610,100200.0,15029.61,0.012,2
1663614612,14228266,True,1300910,100200.0,1303.51,0.012,2
1663614618,14228267,True,997,100200.0,1.0,0.012,0
1663614621,14228268,False,760040,100200.0,761.56,0.012,2
1663614621,14228269,False,539960,100200.0,541.04,0.012,2
1663614651,14228270,True,9191,100200.0,9.21,0.012,0
1663614653,14228271,True,36357,100200.0,36.43,0.012,0
1663614655,14228272,True,1258782,100200.0,1261.3,0.012,2
1663614659,14228273,True,1197604,100200.0,1200.0,0.012,2
1663614659,14228274,True,15005853,100200.0,15035.87,0.012,2
1663614661,14228275,True,1143393,100200.0,1145.68,0.012,2
1663614661,14228276,True,3716878,100200.0,3724.31,0.012,2
1663614661,14228277,True,1576566,100400.0,1582.87,0.014,2
1663614661,14228278,True,3018374,100400.0,3030.45,0.014,2
1663614684,14228279,True,49799,100400.0,50.0,0.014,0
1663614685,14228280,True,1423202,100400.0,1428.89,0.014,2
1663614695,14228281,False,1614000,100210.803,1617.4,0.012,2
1663614695,14228282,False,383078,100210.316,383.88,0.012,2
1663614706,14228283,True,4980079,100400.0,5000.0,0.014,2
1663614710,14228284,True,5261466,100400.0,5282.51,0.014,2
1663614712,14228285,False,5067,100450.2,5.09,0.015,0
1663614754,14228286,True,465605,100943.725,470.0,0.02,2
1663614808,14228287,True,274281,100943.725,276.87,0.02,2
1663614871,14228288,False,1560000,100955.175,1574.9,0.02,2
1663614871,14228289,False,33008,100953.614,33.32,0.02,0
1663614885,14228290,True,74290,100955.17,75.0,0.02,0
1663614886,14228291,False,15339,100943.696,15.48,0.02,0
1663614888,14228292,False,623999,100940.0,629.86,0.02,2
1663614903,14228293,False,220001,100944.5,222.08,0.02,2
1663614916,14228294,True,198019,100999.99,200.0,0.02,2
1663614919,14228295,False,608000,100923.273,613.61,0.019,2
1663614919,14228296,False,6999,100922.19,7.06,0.019,0
1663614921,14228297,False,1271000,100921.524,1282.71,0.019,2
1663614921,14228298,False,2724000,100920.781,2749.08,0.019,2
1663614921,14228299,False,1477000,100920.455,1490.6,0.019,2
1663614921,14228300,False,2826999,100915.0,2852.87,0.019,2
1663614922,14228301,True,99012,100997.011,100.0,0.02,2
1663614924,14228302,False,265217,100915.0,267.64,0.019,2
1663614926,14228303,False,622001,100866.17,627.39,0.019,2
1663614927,14228304,True,990,100995.273,1.0,0.02,0
1663614966,14228305,True,990,100979.015,1.0,0.02,0
1663614968,14228306,True,890000,100977.579,898.7,0.02,2
1663614968,14228307,True,179544,100977.672,181.3,0.02,2
1663614980,14228308,True,990,100976.234,1.0,0.02,0
1663614993,14228309,True,990,101000.0,1.0,0.02,0
1663615005,14228310,True,990,100995.583,1.0,0.02,0
1663615016,14228311,True,990,100989.312,1.0,0.02,0
1663615026,14228312,True,990,100986.399,1.0,0.02,0
1663615040,14228313,True,990,100983.793,1.0,0.02,0
1663615051,14228314,True,990,100978.913,1.0,0.02,0
1663615063,14228315,True,990,100975.278,1.0,0.02,0
1663615074,14228316,True,990,100971.78,1.0,0.02,0
1663615121,14228317,False,1910999,100817.53,1926.62,0.018,2
1663615121,14228318,False,950369,100816.221,958.13,0.018,2
1663615157,14228319,False,749999,100819.412,756.14,0.018,2
1663615183,14228320,False,10009000,100804.0,10089.47,0.018,2
1663615191,14228321,False,1164000,100805.048,1173.37,0.018,2
1663615195,14228322,True,3000000,100755.34,3022.66,0.018,2
1663615199,14228323,True,953000,100753.453,960.18,0.018,2
1663615199,14228324,True,166561,100755.34,167.82,0.018,2
1663615212,14228325,False,4968409,100635.83,5000.0,0.017,2
1663615212,14228326,False,1573567,100541.0,1582.08,0.016,2
1663615212,14228327,False,17710000,100541.0,17805.81,0.016,2
1663615212,14228328,False,748023,100441.0,751.32,0.015,2
1663615213,14228329,False,544000,100637.658,547.47,0.017,2
1663615221,14228330,False,1280000,100479.0,1286.13,0.015,2
1663615221,14228331,False,3282463,100479.0,3298.19,0.015,2
1663615242,14228332,False,99701,100285.27,99.99,0.013,0
1663615249,14228333,True,497126,100578.01,500.0,0.016,2
1663615283,14228334,True,342634,100742.78,345.18,0.018,2
1663615287,14228335,True,81158,100740.956,81.76,0.018,0
1663615316,14228336,True,283348,100727.621,285.41,0.017,2
1663615330,14228337,True,780000,100721.539,785.63,0.017,2
1663615330,14228338,True,3489196,100721.539,3514.37,0.017,2
1663615386,14228339,False,730000,100522.254,733.81,0.015,2
1663615386,14228340,False,1163412,100522.254,1169.49,0.015,2
1663615405,14228341,True,49516,100976.193,50.0,0.02,0
1663615421,14228342,True,99039,100969.897,100.0,0.02,2
1663615424,14228343,True,1832,100968.69,1.85,0.02,0
1663615439,14228344,True,820000,100964.374,827.91,0.02,2
1663615439,14228345,True,1217986,100964.374,1229.73,0.02,2
1663615442,14228346,True,148567,100964.374,150.0,0.02,2
1663615444,14228347,False,139992,100517.159,140.72,0.015,2
1663615451,14228348,False,710000,100513.149,713.64,0.015,2
1663615451,14228349,False,718992,100513.149,722.68,0.015,2
1663615458,14228350,False,1110000,100515.828,1115.73,0.015,2
1663615458,14228351,False,179000,100515.828,179.92,0.015,2
1663615488,14228352,False,449999,100529.61,452.38,0.015,2
1663615488,14228353,False,571000,100529.61,574.02,0.015,2
1663615488,14228354,False,1309899,100528.054,1316.82,0.015,2
1663615493,14228355,True,35018,100863.601,35.32,0.019,0
1663615495,14228356,False,39050,100529.465,39.26,0.015,0
1663615501,14228357,False,320009,100519.569,321.67,0.015,2
1663615509,14228358,False,550000,100523.116,552.88,0.015,2
1663615509,14228359,False,450009,100522.217,452.36,0.015,2
1663615512,14228360,True,29999,100854.518,30.26,0.019,0
1663615512,14228361,True,800000,100863.581,806.91,0.019,2
1663615512,14228362,True,996000,100863.581,1004.6,0.019,2
1663615512,14228363,True,822000,100863.784,829.1,0.019,2
1663615512,14228364,True,402000,100863.881,405.47,0.019,2
1663615512,14228365,True,848000,100863.957,855.33,0.019,2
1663615512,14228366,True,965000,100864.32,973.34,0.019,2
1663615512,14228367,True,1921914,100936.0,1939.9,0.02,2
1663615517,14228368,False,530000,100527.096,532.79,0.015,2
1663615517,14228369,False,274508,100526.409,275.95,0.015,2
1663615558,14228370,False,40790,100565.923,41.02,0.016,0
1663615570,14228371,False,26674,100569.557,26.83,0.016,0
1663615602,14228372,False,619999,100568.618,623.52,0.016,2
1663615604,14228373,True,99170,100836.057,100.0,0.019,2
1663615611,14228374,False,619999,100569.498,623.53,0.016,2
1663615643,14228375,False,1208851,100561.547,1215.64,0.016,2
1663615685,14228376,False,579999,100565.958,583.28,0.016,2
1663615702,14228377,False,999000,100569.806,1004.69,0.016,2
1663615709,14228378,False,552000,100569.51,555.14,0.016,2
1663615709,14228379,False,447000,100568.429,449.54,0.016,2
1663615722,14228380,True,572879,100803.055,577.48,0.018,2
1663615751,14228381,False,760000,100570.656,764.34,0.016,2
1663615751,14228382,False,229857,100570.656,231.17,0.016,2
1663615752,14228383,True,496072,100791.675,500.0,0.018,2
1663615753,14228384,True,6647,100791.675,6.7,0.018,0
1663615774,14228385,True,344848,100783.29,347.55,0.018,2
1663615808,14228386,False,620000,100556.874,623.45,0.016,2
1663615808,14228387,False,660000,100556.874,663.68,0.016,2
1663615808,14228388,False,534000,100556.874,536.97,0.016,2
1663615808,14228389,False,281001,100552.0,282.55,0.016,2
1663615843,14228390,True,49622,100758.861,50.0,0.018,0
1663615856,14228391,True,6501,100752.533,6.55,0.018,0
1663615889,14228392,False,56205,100562.423,56.52,0.016,0
1663615889,14228393,False,154063,100552.0,154.91,0.016,2
1663615921,14228394,True,2978,100725.652,3.0,0.017,0
1663615937,14228395,True,99285,100718.739,100.0,0.017,2
1663615937,14228396,True,19857,100718.739,20.0,0.017,0
1663615943,14228397,True,5143,100716.936,5.18,0.017,0
1663615977,14228398,False,15658,100561.479,15.75,0.016,0
1663615994,14228399,False,227389,100697.417,228.97,0.017,2
1663616017,14228400,True,15491,100934.848,15.64,0.02,0
1663616036,14228401,True,1778420,100928.148,1794.93,0.02,2
1663616055,14228402,False,152888,100706.734,153.97,0.017,2
1663616071,14228403,True,18398,100988.29,18.58,0.02,0
1663616074,14228404,True,424000,100986.774,428.18,0.02,2
1663616074,14228405,True,414602,100988.29,418.7,0.02,2
1663616074,14228406,True,151616,100989.265,153.12,0.02,2
1663616079,14228407,False,1012000,100849.317,1020.6,0.019,2
1663616079,14228408,False,1633000,100849.266,1646.87,0.019,2
1663616079,14228409,False,969000,100848.984,977.23,0.019,2
1663616079,14228410,False,2238000,100848.923,2257.0,0.019,2
1663616079,14228411,False,2108000,100848.707,2125.89,0.019,2
1663616079,14228412,False,1227000,100848.148,1237.41,0.019,2
1663616079,14228413,False,1633000,100847.43,1646.84,0.019,2
1663616079,14228414,False,1189000,100847.377,1199.08,0.019,2
1663616079,14228415,False,490000,100847.346,494.15,0.019,2
1663616079,14228416,False,2261000,100847.248,2280.16,0.019,2
1663616079,14228417,False,50466840,100846.0,50893.79,0.019,1
1663616091,14228418,False,680225,100809.008,685.73,0.018,2
1663616095,14228419,False,976000,100810.806,983.91,0.018,2
1663616095,14228420,False,945000,100810.796,952.66,0.018,2
1663616095,14228421,False,788000,100810.649,794.39,0.018,2
1663616095,14228422,False,389000,100810.43,392.15,0.018,2
1663616095,14228423,False,1370000,100810.379,1381.1,0.018,2
1663616095,14228424,False,672000,100810.237,677.44,0.018,2
1663616116,14228425,False,1600000,100809.0,1612.94,0.018,2
1663616157,14228426,True,19803,100992.619,20.0,0.02,0
1663616171,14228427,True,198037,100990.984,200.0,0.02,2
1663616173,14228428,True,600000,100990.004,605.94,0.02,2
1663616173,14228429,True,4801963,100990.984,4849.55,0.02,2
1663616173,14228430,True,4999010,101000.0,5049.0,0.02,2
1663616173,14228431,True,2000000,101000.0,2020.0,0.02,2
1663616173,14228432,True,1151000,101342.768,1166.46,0.024,2
1663616173,14228433,True,1213000,101343.828,1229.3,0.024,2
1663616173,14228434,True,1188000,101343.911,1203.97,0.024,2
1663616173,14228435,True,1856000,101346.636,1880.99,0.024,2
1663616173,14228436,True,1336000,101346.958,1354.0,0.024,2
1663616173,14228437,True,2493000,101346.992,2526.58,0.024,2
1663616173,14228438,True,2493000,101348.099,2526.61,0.024,2
1663616173,14228439,True,2020999,101348.467,2048.25,0.024,2
1663616173,14228440,True,1440000,101348.628,1459.42,0.024,2
1663616173,14228441,True,1381000,101348.767,1399.63,0.024,2
1663616173,14228442,True,2519000,101348.886,2552.98,0.024,2
1663616173,14228443,True,2020999,101348.901,2048.26,0.024,2
1663616173,14228444,True,193772236,101350.0,196388.16,0.024,1
1663616174,14228445,False,10144,100893.791,10.23,0.019,0
1663616202,14228446,False,2263000,101016.98,2286.01,0.02,2
1663616202,14228447,False,49000,101016.23,49.5,0.02,0
1663616208,14228448,False,48278,101019.07,48.77,0.02,0
1663616217,14228449,False,498000,101023.6,503.1,0.02,2
1663616217,14228450,False,27999,101022.587,28.29,0.02,0
1663616219,14228451,False,1275000,101023.444,1288.05,0.02,2
1663616219,14228452,False,1735000,101022.862,1752.75,0.02,2
1663616219,14228453,False,1195000,101022.587,1207.22,0.02,2
1663616219,14228454,False,935000,101021.897,944.55,0.02,2
1663616230,14228455,False,1081000,101026.958,1092.1,0.021,2
1663616230,14228456,False,486000,101026.296,490.99,0.021,2
1663616242,14228457,False,11000,101014.62,11.11,0.02,0
1663616246,14228458,False,867000,101015.924,875.81,0.02,2
1663616246,14228459,False,255000,101015.763,257.59,0.02,2
1663616256,14228460,False,915999,101021.234,925.35,0.02,2
1663616305,14228461,True,988,101331.563,1.0,0.024,0
1663616305,14228462,True,32440,101382.765,32.89,0.024,0
1663616321,14228463,False,4656611,101135.983,4709.51,0.022,2
1663616328,14228464,False,882999,101139.44,893.06,0.022,2
1663616328,14228465,False,2609458,101139.112,2639.18,0.022,2
1663616335,14228466,False,1164153,101143.21,1177.46,0.022,2
1663616358,14228467,True,1025,101386.156,1.04,0.024,0
1663616379,14228468,False,1970,101334.0,2.0,0.024,0
1663616431,14228469,True,295852,101401.97,300.0,0.024,2
1663616464,14228470,True,73963,101401.97,75.0,0.024,0
1663616476,14228471,True,19723000,101401.97,19999.51,0.024,2
1663616486,14228472,False,567598,101339.498,575.2,0.024,2
1663616558,14228473,True,98619,101400.0,100.0,0.024,2
1663616606,14228474,False,55809,101364.943,56.57,0.024,0
1663616617,14228475,True,55364371,101400.0,56139.47,0.024,1
1663616617,14228476,True,2498365,101401.97,2533.39,0.024,2
1663616617,14228477,True,1569856,101484.488,1593.16,0.025,2
1663616617,14228478,True,2289000,101486.859,2323.03,0.025,2
1663616617,14228479,True,528000,101488.19,535.86,0.025,2
1663616617,14228480,True,1035000,101488.415,1050.41,0.025,2
1663616617,14228481,True,1725000,101489.719,1750.7,0.025,2
1663616617,14228482,True,1669000,101489.936,1693.87,0.025,2
1663616617,14228483,True,517000,101489.96,524.7,0.025,2
1663616617,14228484,True,1057000,101490.333,1072.75,0.025,2
1663616617,14228485,True,1228000,101490.56,1246.3,0.025,2
1663616617,14228486,True,1035000,101490.976,1050.43,0.025,2
1663616617,14228487,True,1282000,101492.973,1301.14,0.025,2
1663616617,14228488,True,2337000,101498.896,2372.03,0.025,2
1663616617,14228489,True,528068,101500.0,535.99,0.025,2
1663616617,14228490,True,10000,101920.0,10.19,0.03,0
1663616617,14228491,True,1025651,101928.87,1045.43,0.03,2
1663616617,14228492,True,5000000,102000.0,5100.0,0.03,2
1663616617,14228493,True,989351,102000.0,1009.14,0.03,2
1663616617,14228494,True,6965171,102108.0,7112.0,0.031,2
1663616632,14228495,False,64391,101368.784,65.27,0.024,0
1663616657,14228496,False,134420,101480.0,136.41,0.025,2
1663616659,14228497,True,245004,102038.99,250.0,0.031,2
1663616664,14228498,True,49000,102038.98,50.0,0.031,0
1663616677,14228499,True,5076,102036.401,5.18,0.031,0
1663616683,14228500,True,49002,102034.612,50.0,0.031,0
1663616711,14228501,False,5110000,101633.02,5193.45,0.027,2
1663616716,14228502,False,2854992,101633.02,2901.61,0.027,2
1663616719,14228503,True,245078,102007.99,250.0,0.03,2
1663616729,14228504,True,14704,102007.99,15.0,0.03,0
1663616747,14228505,False,13574230,101633.02,13795.9,0.027,2
1663616766,14228506,False,993000,101633.02,1009.22,0.027,2
1663616797,14228507,False,6999,101633.02,7.11,0.027,0
1663616828,14228508,False,548000,101563.098,556.57,0.026,2
1663616828,14228509,False,1235000,101557.419,1254.23,0.026,2
1663616828,14228510,False,473999,101557.366,481.38,0.026,2
1663616858,14228511,False,2002,101557.366,2.03,0.026,0
1663616879,14228512,False,513999,101564.698,522.04,0.026,2
1663616879,14228513,False,1051000,101559.315,1067.39,0.026,2
1663616879,14228514,False,691999,101558.342,702.78,0.026,2
1663616893,14228515,False,35500,101558.342,36.05,0.026,0
1663616905,14228516,False,1119501,101558.342,1136.95,0.026,2
1663616905,14228517,False,1108000,101557.643,1125.26,0.026,2
1663616905,14228518,False,29498,101553.884,29.96,0.026,0
1663616930,14228519,False,274000,101553.626,278.26,0.026,2
1663616955,14228520,True,29999,101775.008,30.53,0.028,0
1663616955,14228521,True,80359,102000.885,81.97,0.03,0
1663617009,14228522,True,8324,101993.2,8.49,0.03,0
1663617025,14228523,True,17044,101970.0,17.38,0.03,0
1663617063,14228524,False,2412,101453.036,2.45,0.025,0
1663617084,14228525,False,66618,101360.641,67.52,0.024,0
1663617117,14228526,True,948000,101954.507,966.53,0.03,2
1663617117,14228527,True,918000,101954.717,935.94,0.03,2
1663617117,14228528,True,967999,101956.006,986.93,0.03,2
1663617117,14228529,True,464000,101956.265,473.08,0.03,2
1663617117,14228530,True,1079000,101956.552,1100.11,0.03,2
1663617117,14228531,True,479000,101957.649,488.38,0.03,2
1663617117,14228532,True,1090000,101957.964,1111.34,0.03,2
1663617117,14228533,True,1548000,101958.22,1578.31,0.03,2
1663617117,14228534,True,1581000,101959.633,1611.98,0.03,2
1663617117,14228535,True,1564000,101962.39,1594.69,0.03,2
1663617117,14228536,True,1564000,101964.335,1594.72,0.03,2
1663617117,14228537,False,1413635,102006.97,1442.01,0.03,2
1663617117,14228538,False,4478601,102006.97,4568.49,0.03,2
1663617117,14228539,False,991000,101360.113,1004.48,0.024,2
1663617117,14228540,False,971000,101358.576,984.19,0.024,2
1663617117,14228541,False,991000,101351.546,1004.39,0.024,2
1663617117,14228542,False,455000,101351.385,461.15,0.024,2
1663617117,14228543,False,2000000,101349.0,2026.98,0.024,2
1663617117,14228544,False,49399,101316.0,50.05,0.023,0
1663617120,14228545,True,2711,101802.956,2.76,0.028,0
1663617139,14228546,True,4966289,101802.956,5055.83,0.028,2
1663617140,14228547,True,9808,101953.44,10.0,0.03,0
1663617144,14228548,False,17710000,101454.0,17967.5,0.025,2
1663617144,14228549,False,12457818,101362.956,12627.61,0.024,2
1663617144,14228550,False,961000,101357.695,974.05,0.024,2
1663617144,14228551,False,941000,101352.519,953.73,0.024,2
1663617144,14228552,False,541768,101351.278,549.09,0.024,2
1663617247,14228553,True,49149,101731.345,50.0,0.028,0
1663617260,14228554,False,1250,101436.743,1.27,0.025,0
1663617298,14228555,True,2377,101804.325,2.42,0.028,0
1663617313,14228556,False,4957706,101565.0,5035.29,0.026,2
1663617313,14228557,True,1925,101800.34,1.96,0.028,0
1663617314,14228558,True,2367,101800.34,2.41,0.028,0
1663617319,14228559,False,4957706,101565.0,5035.29,0.026,2
1663617332,14228560,False,1827000,101566.109,1855.61,0.026,2
1663617332,14228561,False,3130705,101565.002,3179.7,0.026,2
1663617371,14228562,False,11111,101586.859,11.29,0.026,0
1663617372,14228563,True,491144,101803.303,500.0,0.028,2
1663617378,14228564,False,500000,101587.865,507.94,0.026,2
1663617378,14228565,False,1188000,101586.586,1206.85,0.026,2
1663617378,14228566,False,1587479,101585.0,1612.64,0.026,2
1663617382,14228567,False,49369,101589.411,50.15,0.026,0
1663617394,14228568,True,295449,101540.11,300.0,0.026,2
1663617400,14228569,False,2098000,101516.472,2129.82,0.025,2
1663617400,14228570,False,686335,101516.164,696.74,0.025,2
1663617411,14228571,True,5206,101796.624,5.3,0.028,0
1663617415,14228572,True,49118,101795.108,50.0,0.028,0
1663617430,14228573,False,45551,101554.0,46.26,0.026,0
1663617448,14228574,False,465893,101573.0,473.22,0.026,2
1663617458,14228575,False,13000000,101573.0,13204.49,0.026,2
1663617467,14228576,False,12534107,101548.0,12728.13,0.026,2
1663617471,14228577,True,58947,101785.455,60.0,0.028,0
1663617486,14228578,True,770000,101781.075,783.71,0.028,2
1663617486,14228579,True,148460,101803.323,151.14,0.028,2
1663617498,14228580,False,993000,101561.786,1008.51,0.026,2
1663617498,14228581,False,481000,101561.117,488.51,0.026,2
1663617498,14228582,False,1192000,101560.679,1210.6,0.026,2
1663617498,14228583,False,1192000,101560.57,1210.6,0.026,2
1663617498,14228584,False,932000,101560.498,946.54,0.026,2
1663617498,14228585,False,1620999,101560.453,1646.29,0.026,2
1663617498,14228586,False,451151,101560.132,458.19,0.026,2
1663617574,14228587,False,80766,101566.135,82.03,0.026,0
1663617609,14228588,False,479999,101569.849,487.54,0.026,2
1663617609,14228589,False,413000,101569.849,419.48,0.026,2
1663617609,14228590,False,1570725,101568.563,1595.36,0.026,2
1663617609,14228591,False,1014000,101567.941,1029.9,0.026,2
1663617609,14228592,False,827000,101567.853,839.97,0.026,2
1663617609,14228593,False,6870522,101566.155,6978.13,0.026,2
1663617609,14228594,False,1393000,101561.655,1414.75,0.026,2
1663617609,14228595,False,1364000,101561.089,1385.29,0.026,2
1663617609,14228596,False,971000,101560.796,986.16,0.026,2
1663617609,14228597,False,96761,101560.437,98.27,0.026,0
1663617611,14228598,False,99351,101567.732,100.91,0.026,2
1663617638,14228599,False,180000,101700.0,183.06,0.027,2
1663617638,14228600,False,537647,101700.0,546.79,0.027,2
1663617641,14228601,True,19635,101857.183,20.0,0.029,0
1663617658,14228602,False,370000,101704.16,376.31,0.027,2
1663617658,14228603,False,390000,101702.469,396.64,0.027,2
1663617658,14228604,False,740000,101701.798,752.59,0.027,2
1663617664,14228605,True,48907,102233.903,50.0,0.033,0
1663617668,14228606,False,306400,101708.772,311.64,0.027,2
1663617708,14228607,False,54264,101811.844,55.25,0.028,0
1663617747,14228608,False,19611,101935.0,19.99,0.03,0
1663617760,14228609,True,1569907,101880.481,1599.43,0.029,2
1663617760,14228610,True,604000,101880.481,615.36,0.029,2
1663617760,14228611,True,1891000,101882.377,1926.6,0.029,2
1663617760,14228612,True,550081,101882.643,560.44,0.029,2
1663617762,14228613,False,520000,101742.609,529.06,0.028,2
1663617764,14228614,True,299344,101879.282,304.97,0.029,2
1663617796,14228615,True,1571301,101703.94,1598.08,0.027,2
1663617803,14228616,True,1326816,101703.94,1349.42,0.027,2
1663617804,14228617,True,534000,101700.0,543.08,0.027,2
1663617804,14228618,True,237414,101703.94,241.46,0.027,2
1663617804,14228619,True,1068000,102187.124,1091.36,0.032,2
1663617804,14228620,True,1290000,102188.252,1318.23,0.032,2
1663617804,14228621,True,1079000,102188.252,1102.61,0.032,2
1663617804,14228622,True,534000,102191.501,545.7,0.032,2
1663617804,14228623,True,1352000,102191.667,1381.63,0.032,2
1663617804,14228624,True,1115000,102191.718,1139.44,0.032,2
1663617804,14228625,True,1859000,102194.17,1899.79,0.032,2
1663617804,14228626,True,1780000,102194.204,1819.06,0.032,2
1663617804,14228627,True,2492000,102196.398,2546.73,0.032,2
1663617804,14228628,True,2319929,102197.561,2370.91,0.032,2
1663617807,14228629,True,899999,102189.98,919.71,0.032,2
1663617807,14228630,True,1281000,102189.98,1309.05,0.032,2
1663617807,14228631,True,448266,102192.793,458.1,0.032,2
1663617809,14228632,False,184699,101752.212,187.94,0.028,2
1663617811,14228633,False,902760,101752.212,918.58,0.028,2
1663617821,14228634,False,14999992,101700.0,15254.99,0.027,2
1663617827,14228635,True,180000,102183.843,183.93,0.032,2
1663617827,14228636,True,1521000,102193.856,1554.37,0.032,2
1663617827,14228637,True,1873000,102194.36,1914.1,0.032,2
1663617827,14228638,True,912000,102194.477,932.01,0.032,2
1663617827,14228639,True,406657,102195.706,415.59,0.032,2
1663617834,14228640,False,550204,101700.02,559.56,0.027,2
1663617834,14228641,False,14449796,101700.0,14695.44,0.027,2
1663617845,14228642,False,550204,101700.02,559.56,0.027,2
1663617849,14228643,True,2302,102056.536,2.35,0.031,0
1663617857,14228644,False,1379268,101700.0,1402.72,0.027,2
1663617867,14228645,False,1130000,101700.0,1149.21,0.027,2
1663617879,14228646,True,184607,102042.426,188.38,0.031,2
1663617879,14228647,True,109388,102042.426,111.62,0.031,2
1663617881,14228648,False,15000000,101700.0,15255.0,0.027,2
1663617888,14228649,False,123515,101700.04,125.61,0.027,2
1663617891,14228650,True,97918,102038.011,99.91,0.031,0
1663617893,14228651,False,167090,101700.04,169.93,0.027,2
1663617893,14228652,False,1397305,101700.0,1421.06,0.027,2
1663617898,14228653,True,53499,102038.011,54.59,0.031,0
1663617898,14228654,False,9939000,101700.0,10107.96,0.027,2
1663617907,14228655,False,1494531,101700.0,1519.94,0.027,2
1663617907,14228656,False,13505469,101700.0,13735.06,0.027,2
1663617921,14228657,False,15000000,101700.0,15255.0,0.027,2
1663617923,14228658,False,808190,101700.05,821.93,0.027,2
1663617923,14228659,False,4161810,101700.0,4232.56,0.027,2
1663617937,14228660,False,15000000,101700.0,15255.0,0.027,2
1663617940,14228661,False,496999,101700.0,505.45,0.027,2
1663617947,14228662,False,15000000,101700.0,15255.0,0.027,2
1663617960,14228663,False,15000000,101700.0,15255.0,0.027,2
1663617963,14228664,True,83411,101904.501,85.0,0.029,0
1663617970,14228665,False,15000000,101700.0,15255.0,0.027,2
1663617979,14228666,False,2857178,101700.0,2905.75,0.027,2
1663617983,14228667,False,15000000,101700.0,15255.0,0.027,2
1663617994,14228668,False,15000000,101700.0,15255.0,0.027,2
1663618005,14228669,False,15000000,101700.0,15255.0,0.027,2
1663618015,14228670,False,15000000,101700.0,15255.0,0.027,2
1663618022,14228671,True,417000,101768.361,424.37,0.028,2
1663618022,14228672,True,565623,101768.398,575.63,0.028,2
1663618027,14228673,False,14434377,101700.0,14679.76,0.027,2
1663618038,14228674,False,15000000,101700.0,15255.0,0.027,2
1663618053,14228675,False,810000,101700.0,823.77,0.027,2
1663618053,14228676,False,14190000,101700.0,14431.23,0.027,2
1663618065,14228677,False,15000000,101700.0,15255.0,0.027,2
1663618068,14228678,True,1424000,101762.199,1449.09,0.028,2
1663618068,14228679,True,801999,101762.309,816.13,0.028,2
1663618068,14228680,True,941000,101762.309,957.58,0.028,2
1663618068,14228681,True,1308000,101762.528,1331.05,0.028,2
1663618068,14228682,True,810000,101762.742,824.28,0.028,2
1663618068,14228683,True,818999,101763.847,833.45,0.028,2
1663618068,14228684,True,1025000,101764.066,1043.08,0.028,2
1663618068,14228685,True,1680999,101764.127,1710.65,0.028,2
1663618068,14228686,True,422000,101764.332,429.45,0.028,2
1663618068,14228687,True,993999,101764.346,1011.54,0.028,2
1663618068,14228688,True,1719000,101764.422,1749.33,0.028,2
1663618068,14228689,True,827999,101764.673,842.61,0.028,2
1663618068,14228690,True,273710000,101765.653,278542.77,0.028,1
1663618068,14228691,True,8310064,101792.0,8458.98,0.028,2
1663618078,14228692,False,14999992,101700.0,15254.99,0.027,2
1663618088,14228693,False,11521166,101700.0,11717.03,0.027,2
1663618107,14228694,False,720000,101516.47,730.92,0.025,2
1663618107,14228695,False,8,101516.47,0.01,0.025,0
1663618113,14228696,False,531460,101516.47,539.52,0.025,2
1663618120,14228697,False,768532,101516.47,780.19,0.025,2
1663618127,14228698,True,9838,101641.334,10.0,0.027,0
1663618131,14228699,False,15000000,101516.47,15227.47,0.025,2
1663618140,14228700,False,540000,101516.47,548.19,0.025,2
1663618140,14228701,False,14460000,101516.47,14679.28,0.025,2
1663618151,14228702,False,15000000,101516.47,15227.47,0.025,2
1663618161,14228703,False,4793091,101516.47,4865.78,0.025,2
1663618192,14228704,True,21176,101528.502,21.5,0.026,0
1663618194,14228705,False,200000,101500.0,203.0,0.025,2
1663618194,14228706,False,14800000,101500.0,15022.0,0.025,2
1663618205,14228707,False,10381000,101500.0,10536.72,0.025,2
1663618212,14228708,True,299000,101523.03,303.55,0.026,2
1663618212,14228709,True,632000,101523.318,641.63,0.026,2
1663618212,14228710,True,201536,101523.8,204.61,0.026,2
1663618251,14228711,True,22724,101687.35,23.11,0.027,0
1663618296,14228712,True,39359,101620.199,40.0,0.027,0
1663618297,14228713,True,49202,101618.878,50.0,0.026,0
1663618319,14228714,False,569599,101321.611,577.13,0.023,2
1663618327,14228715,False,988,101316.0,1.0,0.023,0
1663618351,14228716,False,127077,101239.932,128.65,0.023,2
1663618377,14228717,False,1241000,101235.891,1256.34,0.023,2
1663618377,14228718,False,1377000,101234.925,1394.0,0.023,2
1663618448,14228719,True,49305,101409.564,50.0,0.024,0
1663618476,14228720,True,66570,101396.711,67.5,0.024,0
1663618551,14228721,True,95128,101368.197,96.43,0.024,0
1663618575,14228722,False,71122,101149.109,71.94,0.022,0
1663618608,14228723,True,986,101350.374,1.0,0.024,0
1663618664,14228724,True,4930,101413.483,5.0,0.024,0
1663618783,14228725,True,197226,101406.368,200.0,0.024,2
1663618863,14228726,False,39084,101074.925,39.5,0.021,0
1663618872,14228727,False,320000,101076.314,323.44,0.021,2
1663618872,14228728,False,391944,101076.314,396.16,0.021,2
1663618897,14228729,True,3364,101362.241,3.41,0.024,0
1663618924,14228730,True,493548,101307.262,500.0,0.023,2
1663618970,14228731,False,63190,100985.996,63.81,0.02,0
1663618974,14228732,False,126047,100987.657,127.29,0.02,2
1663619017,14228733,True,93331,101256.638,94.5,0.023,0
1663619102,14228734,False,504499,101073.104,509.91,0.021,2
1663619108,14228735,True,1302,101320.433,1.32,0.023,0
1663619133,14228736,True,26715,101399.99,27.09,0.024,0
1663619171,14228737,True,1972,101395.665,2.0,0.024,0
1663619288,14228738,False,5920,101229.88,5.99,0.023,0
1663619312,14228739,True,166942,101400.0,169.28,0.024,2
1663619414,14228740,True,6849239,101400.0,6945.13,0.024,2
1663619414,14228741,True,3011651,101435.05,3054.87,0.025,2
1663619473,14228742,False,288905,101307.802,292.68,0.023,2
1663619583,14228743,False,594000,101314.387,601.81,0.023,2
1663619612,14228744,True,1170000,101433.164,1186.77,0.025,2
1663619612,14228745,True,326000,101433.164,330.67,0.025,2
1663619612,14228746,True,5000000,101434.87,5071.74,0.025,2
1663619612,14228747,True,3780820,101435.06,3835.08,0.025,2
1663619612,14228748,True,817509,101546.0,830.15,0.026,2
1663619639,14228749,False,295542,101223.755,299.16,0.023,2
1663619676,14228750,True,87789,101504.241,89.11,0.025,0
1663619689,14228751,True,1000000,101504.221,1015.04,0.025,2
1663619689,14228752,True,5000000,101504.221,5075.21,0.025,2
1663619689,14228753,True,669000,101594.315,679.67,0.026,2
1663619689,14228754,True,1080000,101594.754,1097.22,0.026,2
1663619689,14228755,True,778000,101595.515,790.41,0.026,2
1663619689,14228756,True,691000,101595.515,702.03,0.026,2
1663619689,14228757,True,308496,101595.724,313.42,0.026,2
1663619696,14228758,False,5602,101296.418,5.67,0.023,0
1663619713,14228759,True,230000,101590.164,233.66,0.026,2
1663619713,14228760,True,307000,101590.164,311.88,0.026,2
1663619713,14228761,True,1758213,101590.678,1786.18,0.026,2
1663619727,14228762,False,899999,101362.0,912.26,0.024,2
1663619727,14228763,False,3000000,101362.0,3040.86,0.024,2
1663619751,14228764,True,491753,101677.006,500.0,0.027,2
1663619806,14228765,False,890513,101429.688,903.24,0.025,2
1663619830,14228766,True,19612,101975.251,20.0,0.03,0
1663619917,14228767,True,350000,101950.508,356.83,0.03,2
1663619917,14228768,True,1432437,101950.508,1460.38,0.03,2
1663619917,14228769,True,321000,101950.508,327.26,0.03,2
1663619917,14228770,True,1321000,101983.196,1347.2,0.03,2
1663619917,14228771,True,1307000,101985.046,1332.94,0.03,2
1663619917,14228772,True,1038000,101985.434,1058.61,0.03,2
1663619917,14228773,True,1083000,101986.616,1104.52,0.03,2
1663619917,14228774,True,771000,101987.235,786.32,0.03,2
1663619917,14228775,True,779000,101989.121,794.5,0.03,2
1663619917,14228776,True,643000,101989.782,655.79,0.03,2
1663619917,14228777,True,1027000,101989.809,1047.44,0.03,2
1663619917,14228778,True,1072000,101991.193,1093.35,0.03,2
1663619917,14228779,True,724000,101993.487,738.43,0.03,2
1663619917,14228780,True,616000,101994.272,628.28,0.03,2
1663619917,14228781,True,610000,101996.207,622.18,0.03,2
1663619917,14228782,True,301000,101998.83,307.02,0.03,2
1663619917,14228783,True,1321000,101998.979,1347.41,0.03,2
1663619917,14228784,True,13717215,102000.0,13991.56,0.03,2
1663619970,14228785,False,2457,101676.0,2.5,0.027,0
1663619986,14228786,True,29250,101948.537,29.82,0.03,0
1663620002,14228787,False,70895,101688.088,72.09,0.027,0
1663620024,14228788,True,100000,101948.497,101.95,0.03,2
1663620024,14228789,True,57540,101948.497,58.66,0.03,0
1663620070,14228790,False,14207,101684.215,14.45,0.027,0
1663620231,14228791,True,2943802,101909.0,3000.0,0.029,2
1663620258,14228792,False,705000,101698.362,716.97,0.027,2
1663620270,14228793,True,206999,101904.229,210.94,0.029,2
1663620270,14228794,True,5000000,101905.735,5095.29,0.029,2
1663620270,14228795,True,9511997,101911.0,9693.77,0.029,2
1663620372,14228796,True,1959,101990.735,2.0,0.03,0
1663620382,14228797,True,24512,101990.725,25.0,0.03,0
1663620497,14228798,False,201937,101794.718,205.56,0.028,2
1663620528,14228799,False,85286,101807.296,86.83,0.028,0
1663620548,14228800,True,87700,102000.0,89.45,0.03,0
1663620548,14228801,True,112417,102000.0,114.67,0.03,2
1663620561,14228802,False,10000,101874.74,10.19,0.029,0
1663620595,14228803,True,84529,101999.97,86.22,0.03,0
1663620626,14228804,False,1403000,101801.059,1428.27,0.028,2
1663620635,14228805,True,20647,101999.93,21.06,0.03,0
1663620657,14228806,False,1002,101710.751,1.02,0.027,0
1663620666,14228807,False,1388000,101711.258,1411.75,0.027,2
1663620666,14228808,False,274351,101711.14,279.05,0.027,2
1663620678,14228809,False,1402992,101702.981,1426.88,0.027,2
1663620686,14228810,True,49029,101980.361,50.0,0.03,0
1663620691,14228811,False,1753000,101691.577,1782.65,0.027,2
1663620691,14228812,False,519007,101691.209,527.79,0.027,2
1663620706,14228813,False,1568992,101698.53,1595.64,0.027,2
1663620712,14228814,True,231159,101968.71,235.71,0.03,2
1663620715,14228815,False,1374000,101700.067,1397.36,0.027,2
1663620715,14228816,False,265007,101700.039,269.51,0.027,2
1663620727,14228817,False,2336992,101696.848,2376.65,0.027,2
1663620736,14228818,False,899999,101700.065,915.3,0.027,2
1663620736,14228819,False,1908008,101699.916,1940.44,0.027,2
1663620749,14228820,False,830000,101700.421,844.11,0.027,2
1663620749,14228821,False,672992,101700.421,684.44,0.027,2
1663620759,14228822,False,490000,101695.802,498.31,0.027,2
1663620759,14228823,False,1665008,101695.802,1693.24,0.027,2
1663620772,14228824,False,2496000,101700.291,2538.44,0.027,2
1663620772,14228825,False,111000,101699.769,112.89,0.027,2
1663620786,14228826,True,98090,101946.938,100.0,0.03,2
1663620816,14228827,False,162226,101699.541,164.98,0.027,2
1663620816,14228828,False,1412000,101699.11,1435.99,0.027,2
1663620816,14228829,False,947774,101698.239,963.87,0.027,2
1663620826,14228830,False,558000,101691.216,567.44,0.027,2
1663620826,14228831,False,564000,101689.474,573.53,0.027,2
1663620826,14228832,False,54000,101685.696,54.91,0.027,0
1663620840,14228833,False,537000,101698.744,546.12,0.027,2
1663620849,14228834,False,560000,101688.717,569.46,0.027,2
1663620861,14228835,False,540000,101685.547,549.1,0.027,2
1663620861,14228836,False,11990100,101684.21,12192.04,0.027,2
1663620867,14228837,False,2469900,101684.21,2511.5,0.027,2
1663620891,14228838,False,536000,101688.61,545.05,0.027,2
1663620891,14228839,False,1689999,101684.21,1718.46,0.027,2
1663620893,14228840,True,2944,101881.241,3.0,0.029,0
1663620908,14228841,False,567000,101686.05,576.56,0.027,2
1663620908,14228842,False,12786105,101684.21,13001.45,0.027,2
1663620936,14228843,False,567000,101684.21,576.55,0.027,2
1663621069,14228844,False,877980,101535.902,891.46,0.026,2
1663621094,14228845,True,750000,101911.998,764.34,0.029,2
1663621094,14228846,True,1671000,101911.998,1702.95,0.029,2
1663621094,14228847,True,326497,101912.0,332.74,0.029,2
1663621122,14228848,True,130522,101898.324,133.0,0.029,2
1663621138,14228849,True,120126,101892.769,122.4,0.029,2
1663621150,14228850,False,1874,101610.328,1.91,0.026,0
1663621213,14228851,True,26748,101911.008,27.26,0.029,0
1663621254,14228852,False,76994,101775.0,78.36,0.028,0
1663621291,14228853,False,110220,101790.848,112.19,0.028,2
1663621366,14228854,False,114546,101703.336,116.5,0.027,2
1663621387,14228855,True,9808,101948.551,10.0,0.03,0
1663621391,14228856,False,680000,101768.925,692.03,0.028,2
1663621458,14228857,False,537000,101793.692,546.63,0.028,2
1663621458,14228858,False,2376000,101793.187,2418.61,0.028,2
1663621458,14228859,False,1731999,101792.828,1763.05,0.028,2
1663621458,14228860,False,1120000,101792.751,1140.08,0.028,2
1663621458,14228861,False,1358000,101792.739,1382.35,0.028,2
1663621458,14228862,False,147722,101792.334,150.37,0.028,2
1663621492,14228863,False,7842,101702.256,7.98,0.027,0
1663621550,14228864,True,4082,101855.958,4.16,0.029,0
1663621647,14228865,False,40679,101674.0,41.36,0.027,0
1663621656,14228866,True,392798,101833.272,400.0,0.029,2
1663621765,14228867,True,49117,101796.675,50.0,0.028,0
1663621824,14228868,True,392693,101860.535,400.0,0.029,2
1663621826,14228869,False,9535,101690.282,9.7,0.027,0
1663621869,14228870,False,75680,101705.97,76.97,0.027,0
1663621924,14228871,False,964489,101730.984,981.18,0.028,2
1663621990,14228872,False,1970,101761.643,2.0,0.028,0
1663622008,14228873,False,830000,101770.31,844.69,0.028,2
1663622008,14228874,False,988000,101770.31,1005.49,0.028,2
1663622008,14228875,False,5452721,101769.741,5549.22,0.028,2
1663622021,14228876,False,42611,101776.703,43.37,0.028,0
1663622166,14228877,True,98164,101868.92,100.0,0.029,2
1663622248,14228878,True,221910,101868.92,226.06,0.029,2
1663622260,14228879,False,400000,101863.418,407.45,0.029,2
1663622260,14228880,False,950999,101863.418,968.72,0.029,2
1663622260,14228881,False,240228,101862.291,244.7,0.029,2
1663622262,14228882,True,109947,101868.92,112.0,0.029,2
1663622447,14228883,True,22833,102000.0,23.29,0.03,0
1663622497,14228884,True,1113847,102000.0,1136.12,0.03,2
1663622497,14228885,True,220917,102000.0,225.34,0.03,2
1663622520,14228886,True,2774,102000.0,2.83,0.03,0
1663622526,14228887,True,11715,102000.0,11.95,0.03,0
1663622546,14228888,True,5295424,102000.0,5401.33,0.03,2
1663622546,14228889,True,392900,102000.0,400.76,0.03,2
1663622546,14228890,True,136150676,102000.0,138873.69,0.03,1
1663622547,14228891,True,2292190,102000.0,2338.03,0.03,2
1663622553,14228892,True,940000,102368.076,962.26,0.034,2
1663622553,14228893,True,493000,102369.765,504.68,0.034,2
1663622553,14228894,True,916000,102369.836,937.71,0.034,2
1663622553,14228895,True,916000,102369.877,937.71,0.034,2
1663622553,14228896,True,1646000,102369.904,1685.01,0.034,2
1663622553,14228897,True,2138000,102370.099,2188.67,0.034,2
1663622553,14228898,True,1544000,102370.401,1580.6,0.034,2
1663622553,14228899,True,1578000,102396.324,1615.81,0.034,2
1663622553,14228900,True,2094000,102397.036,2144.19,0.034,2
1663622553,14228901,True,916000,102397.058,937.96,0.034,2
1663622553,14228902,True,1099000,102397.355,1125.35,0.034,2
1663622553,14228903,True,462999,102397.372,474.1,0.034,2
1663622553,14228904,True,257008,102397.555,263.17,0.034,2
1663622570,14228905,True,976,102367.23,1.0,0.034,0
1663622610,14228906,True,1465,102367.23,1.5,0.034,0
1663622685,14228907,True,899999,102362.245,921.26,0.034,2
1663622685,14228908,True,1542306,102362.245,1578.74,0.034,2
1663622703,14228909,False,1131000,102230.768,1156.23,0.033,2
1663622703,14228910,False,1799999,102230.265,1840.14,0.033,2
1663622728,14228911,False,221755,102234.248,226.71,0.033,2
1663622740,14228912,False,1143000,102177.797,1167.89,0.032,2
1663622740,14228913,False,145000,102176.924,148.16,0.032,2
1663622752,14228914,False,1108000,102180.229,1132.16,0.032,2
1663622752,14228915,False,180000,102180.196,183.92,0.032,2
1663622759,14228916,False,123697,102180.497,126.39,0.032,2
1663622760,14228917,True,97863,102183.13,100.0,0.032,2
1663622763,14228918,False,564000,102181.883,576.31,0.032,2
1663622763,14228919,False,724000,102181.727,739.8,0.032,2
1663622796,14228920,False,131407,102130.353,134.21,0.032,2
1663622796,14228921,False,539000,102130.353,550.48,0.032,2
1663622797,14228922,False,49912,102130.353,50.98,0.032,0
1663622810,14228923,True,9037,102130.43,9.23,0.032,0
1663622812,14228924,False,2185992,102031.497,2230.4,0.031,2
1663622816,14228925,False,448285,102034.071,457.4,0.031,2
1663622823,14228926,False,1237000,102040.754,1262.24,0.031,2
1663622823,14228927,False,948992,102040.495,968.36,0.031,2
1663622827,14228928,True,7792,102130.43,7.96,0.032,0
1663622836,14228929,False,1041000,102041.564,1062.25,0.031,2
1663622836,14228930,False,249008,102040.495,254.09,0.031,2
1663622836,14228931,False,356984,102040.078,364.27,0.031,2
1663622855,14228932,False,1000000,102000.0,1020.0,0.03,2
1663622874,14228933,True,98049,101988.95,100.0,0.03,2
1663622883,14228934,True,9804,101988.94,10.0,0.03,0
1663622887,14228935,False,170477,101855.093,173.64,0.029,2
1663622894,14228936,True,3549,101988.94,3.62,0.03,0
1663622899,14228937,False,481999,101755.384,490.46,0.028,2
1663622905,14228938,True,119892,101985.876,122.27,0.03,2
1663622911,14228939,True,49027,101984.46,50.0,0.03,0
1663622923,14228940,True,20327,101977.723,20.73,0.03,0
1663622926,14228941,False,18165,101699.398,18.47,0.027,0
1663622968,14228942,False,690000,101635.675,701.29,0.027,2
1663622968,14228943,False,385568,101635.675,391.87,0.027,2
1663623043,14228944,False,924000,101735.644,940.04,0.028,2
1663623043,14228945,False,462000,101735.512,470.02,0.028,2
1663623043,14228946,False,1109000,101734.967,1128.24,0.028,2
1663623043,14228947,False,731706,101734.941,744.4,0.028,2
1663623116,14228948,False,1970,101740.228,2.0,0.028,0
1663623160,14228949,True,24525,101933.215,25.0,0.03,0
1663623172,14228950,False,489878,101654.477,497.98,0.027,2
1663623176,14228951,True,490536,101929.223,500.0,0.03,2
1663623240,14228952,False,11597,101626.446,11.79,0.027,0
1663623266,14228953,True,4906,101902.359,5.0,0.029,0
1663623268,14228954,False,330000,101586.0,335.23,0.026,2
1663623279,14228955,False,4444,101620.576,4.52,0.027,0
1663623352,14228956,True,980,101877.023,1.0,0.029,0
1663623356,14228957,True,6498,101876.86,6.62,0.029,0
1663623365,14228958,True,1079,101872.977,1.1,0.029,0
1663623379,14228959,True,19632,101872.248,20.0,0.029,0
1663623505,14228960,True,978,102179.839,1.0,0.032,0
1663623563,14228961,False,571960,102123.0,584.1,0.032,2
1663623567,14228962,True,976,102389.714,1.0,0.034,0
1663623590,14228963,False,107240,102127.01,109.52,0.032,2
1663623612,14228964,False,14490,102279.05,14.82,0.033,0
1663623622,14228965,True,976,102370.228,1.0,0.034,0
1663623622,14228966,True,976,102370.228,1.0,0.034,0
1663623659,14228967,True,8567,102360.775,8.77,0.034,0
1663623676,14228968,False,100000,102280.0,102.28,0.033,2
1663623696,14228969,True,81944,102276.507,83.81,0.033,0
1663623713,14228970,False,585333,101963.002,596.82,0.03,2
1663623819,14228971,False,510000,101898.672,519.68,0.029,2
1663623819,14228972,False,319000,101898.672,325.06,0.029,2
1663623848,14228973,False,225919,101883.004,230.17,0.029,2
1663623852,14228974,False,80000,101883.004,81.51,0.029,0
1663623897,14228975,True,48947,102164.297,50.01,0.032,0
1663623955,14228976,False,1608160,101957.004,1639.63,0.03,2
1663623961,14228977,True,734240,102146.337,750.0,0.032,2
1663623999,14228978,False,1563780,101957.0,1594.38,0.03,2
1663624012,14228979,False,1632,101786.0,1.66,0.028,0
1663624084,14228980,False,14688,101880.0,14.96,0.029,0
1663624128,14228981,False,48403,101759.005,49.25,0.028,0
1663624143,14228982,True,524000,102104.21,535.03,0.031,2
1663624143,14228983,True,700000,102104.481,714.73,0.031,2
1663624143,14228984,True,245084,102104.481,250.24,0.031,2
1663624219,14228985,False,460000,101781.039,468.19,0.028,2
1663624219,14228986,False,434999,101781.039,442.75,0.028,2
1663624219,14228987,False,194000,101779.611,197.45,0.028,2
1663624235,14228988,True,15979,102069.877,16.31,0.031,0
1663624256,14228989,False,36302,101681.001,36.91,0.027,0
1663624268,14228990,False,119999,101681.0,122.02,0.027,2
1663624268,14228991,False,2992057,101681.0,3042.35,0.027,2
1663624318,14228992,False,110988,101697.008,112.87,0.027,2
1663624369,14228993,True,136815,101896.047,139.41,0.029,2
1663624391,14228994,True,624553,101892.059,636.37,0.029,2
1663624535,14228995,True,1471,101955.359,1.5,0.03,0
1663624559,14228996,True,245220,101948.638,250.0,0.03,2
1663624569,14228997,False,442000,101812.316,450.01,0.028,2
1663624569,14228998,False,9143,101810.765,9.31,0.028,0
1663624614,14228999,True,1959,102068.459,2.0,0.031,0
1663624727,14229000,False,625743,101887.0,637.55,0.029,2
1663624742,14229001,False,8333285,101827.009,8485.53,0.029,2
1663624743,14229002,False,9825,102000.0,10.02,0.03,0
1663624796,14229003,False,3340743,101827.0,3401.78,0.029,2
1663624811,14229004,False,2340742,101737.195,2381.41,0.028,2
1663624837,14229005,True,421655,101978.98,430.0,0.03,2
1663624842,14229006,False,84032,101809.905,85.55,0.028,0
1663624850,14229007,False,440000,101814.093,447.98,0.028,2
1663624850,14229008,False,411000,101814.093,418.46,0.028,2
1663624850,14229009,False,380000,101812.751,386.89,0.028,2
1663624850,14229010,False,434000,101812.751,441.87,0.028,2
1663624850,14229011,False,324600,101809.083,330.47,0.028,2
1663624877,14229012,False,13732,101900.0,13.99,0.029,0
1663624884,14229013,False,14795,101900.0,15.08,0.029,0
1663624884,14229014,False,145171,101812.146,147.8,0.028,2
1663624973,14229015,True,13631,101936.002,13.89,0.03,0
1663625021,14229016,False,17710000,101807.0,18030.02,0.028,2
1663625021,14229017,False,9825,101776.08,10.0,0.028,0
1663625035,14229018,False,12280175,101723.003,12491.76,0.028,2
1663625118,14229019,True,259116,101884.718,264.0,0.029,2
1663625121,14229020,False,248601,101670.386,252.75,0.027,2
1663625141,14229021,True,94270,101877.108,96.04,0.029,0
1663625165,14229022,False,2550,101714.123,2.59,0.027,0
1663625210,14229023,True,9817,101854.258,10.0,0.029,0
1663625222,14229024,False,15868,101721.713,16.14,0.028,0
1663625223,14229025,True,101719,101848.552,103.6,0.029,2
1663625228,14229026,False,340236,101721.713,346.09,0.028,2
1663625278,14229027,False,43425,101713.006,44.17,0.027,0
1663625330,14229028,True,3927,101817.421,4.0,0.029,0
1663625347,14229029,True,770000,101811.802,783.95,0.028,2
1663625347,14229030,True,1082074,101811.802,1101.68,0.028,2
1663625347,14229031,True,1049000,101858.257,1068.49,0.029,2
1663625347,14229032,True,732268,101858.46,745.88,0.029,2
1663625358,14229033,False,730000,101664.0,742.15,0.027,2
1663625358,14229034,False,3225821,101664.0,3279.5,0.027,2
1663625365,14229035,True,7854,101858.46,8.0,0.029,0
1663625526,14229036,False,198849,101751.501,202.33,0.028,2
1663625557,14229037,True,13950,101859.99,14.21,0.029,0
1663625582,14229038,False,1056058,101747.008,1074.51,0.028,2
1663625596,14229039,True,98177,101856.582,100.0,0.029,2
1663625600,14229040,False,1947567,101747.0,1981.59,0.028,2
1663625601,14229041,True,49087,101856.838,50.0,0.029,0
1663625668,14229042,True,49095,101842.559,50.0,0.029,0
1663625725,14229043,False,983,101771.49,1.0,0.028,0
1663625750,14229044,False,419000,101781.435,426.46,0.028,2
1663625750,14229045,False,3581000,101780.38,3644.76,0.028,2
1663625779,14229046,True,57498,101853.426,58.56,0.029,0
1663625794,14229047,False,19526,101750.023,19.87,0.028,0
1663625819,14229048,False,154339,101750.025,157.04,0.028,2
1663625825,14229049,False,115755,101750.025,117.78,0.028,2
1663625826,14229050,False,58580,101750.025,59.61,0.028,0
1663625871,14229051,True,47140,101822.268,48.0,0.029,0
1663625911,14229052,False,176077,101740.906,179.14,0.028,2
1663625955,14229053,True,19517,101840.592,19.88,0.029,0
1663625955,14229054,True,380915,101840.592,387.93,0.029,2
1663625982,14229055,True,1023901,101832.082,1042.66,0.029,2
1663626001,14229056,False,390000,101754.966,396.84,0.028,2
1663626001,14229057,False,451000,101754.966,458.91,0.028,2
1663626001,14229058,False,427000,101753.179,434.49,0.028,2
1663626001,14229059,False,10938165,101752.348,11129.84,0.028,2
1663626007,14229060,False,7918,101757.518,8.06,0.028,0
1663626037,14229061,True,6872,101860.0,7.0,0.029,0
1663626079,14229062,False,234751,101788.198,238.95,0.028,2
1663626090,14229063,False,8825,101789.272,8.98,0.028,0
1663626151,14229064,True,10318,101859.99,10.51,0.029,0
1663626163,14229065,True,33128,101860.0,33.74,0.029,0
1663626163,14229066,True,503000,101980.607,512.96,0.03,2
1663626163,14229067,True,444486,101981.404,453.29,0.03,2
1663626250,14229068,True,2206,101960.179,2.25,0.03,0
1663626288,14229069,False,9941542,101846.793,10125.14,0.029,2
1663626297,14229070,False,2140,101846.8,2.18,0.029,0
1663626307,14229071,True,979,101944.205,1.0,0.03,0
1663626309,14229072,True,122646,101942.377,125.03,0.03,2
1663626311,14229073,False,15000000,101846.809,15277.02,0.029,2
1663626322,14229074,False,15000000,101833.0,15274.95,0.029,2
1663626364,14229075,False,1555106,101782.0,1582.82,0.028,2
1663626364,14229076,False,10000000,101782.0,10178.2,0.028,2
1663626369,14229077,True,980,101924.29,1.0,0.03,0
1663626377,14229078,False,451000,101697.015,458.65,0.027,2
1663626377,14229079,False,452000,101695.734,459.66,0.027,2
1663626389,14229080,False,1489000,101664.004,1513.78,0.027,2
1663626446,14229081,False,140000,101516.456,142.12,0.025,2
1663626446,14229082,False,438000,101516.456,444.64,0.025,2
1663626446,14229083,False,1477000,101506.585,1499.25,0.025,2
1663626446,14229084,False,822000,101506.415,834.38,0.025,2
1663626446,14229085,False,424000,101504.591,430.38,0.025,2
1663626446,14229086,False,26699000,101503.458,27100.41,0.025,1
1663626465,14229087,False,980999,101506.745,995.78,0.025,2
1663626465,14229088,False,413000,101505.878,419.22,0.025,2
1663626465,14229089,False,396000,101505.634,401.96,0.025,2
1663626489,14229090,False,394000,101506.271,399.93,0.025,2
1663626489,14229091,False,99791,101505.136,101.29,0.025,2
1663626503,14229092,False,12427544,101567.008,12622.28,0.026,2
1663626509,14229093,False,5035,101567.008,5.11,0.026,0
1663626509,14229094,False,2572456,101567.008,2612.77,0.026,2
1663626541,14229095,False,245955,101567.008,249.81,0.026,2
1663626560,14229096,False,11000,101500.0,11.17,0.025,0
1663626560,14229097,False,14969009,101488.008,15191.75,0.025,2
1663626585,14229098,False,209236,101488.008,212.35,0.025,2
1663626606,14229099,True,736488,101834.586,750.0,0.029,2
1663626608,14229100,False,229855,101489.774,233.28,0.025,2
1663626694,14229101,True,4911,101798.553,5.0,0.028,0
1663626778,14229102,True,4912,101770.862,5.0,0.028,0
1663626863,14229103,False,999994,101600.845,1016.0,0.026,2
1663626916,14229104,False,400000,101601.951,406.41,0.026,2
1663626916,14229105,False,398030,101600.845,404.4,0.026,2
1663626940,14229106,False,47679,101604.401,48.44,0.026,0
1663626944,14229107,True,245787,101713.974,250.0,0.027,2
1663626964,14229108,True,49086,101860.382,50.0,0.029,0
1663626993,14229109,True,47225,101850.814,48.1,0.029,0
1663627066,14229110,False,1281354,101677.002,1302.84,0.027,2
1663627078,14229111,True,1963,101816.241,2.0,0.028,0
1663627127,14229112,False,373000,101682.277,379.27,0.027,2
1663627127,14229113,False,14627008,101677.002,14872.3,0.027,2
1663627145,14229114,False,15000000,101677.002,15251.55,0.027,2
1663627153,14229115,False,398999,101679.319,405.7,0.027,2
1663627153,14229116,False,52459,101677.002,53.34,0.027,0
1663627166,14229117,False,380000,101678.576,386.38,0.027,2
1663627166,14229118,False,11235635,101677.0,11424.06,0.027,2
1663627188,14229119,False,4883841,101670.0,4965.4,0.027,2
1663627201,14229120,False,623741,101663.0,634.11,0.027,2
1663627279,14229121,True,1168,101863.77,1.19,0.029,0
1663627336,14229122,True,2601,101863.77,2.65,0.029,0
1663627336,14229123,True,512215,101978.579,522.35,0.03,2
1663627360,14229124,False,1855,101747.804,1.89,0.028,0
1663627386,14229125,False,460000,101747.453,468.04,0.028,2
1663627386,14229126,False,143765,101747.453,146.28,0.028,2
1663627416,14229127,False,140000,101748.608,142.45,0.028,2
1663627416,14229128,False,636000,101748.608,647.12,0.028,2
1663627422,14229129,False,776000,101739.811,789.5,0.028,2
1663627446,14229130,False,2000000,101747.45,2034.95,0.028,2
1663627446,14229131,False,372000,101745.193,378.49,0.028,2
1663627446,14229132,False,904000,101736.102,919.69,0.028,2
1663627446,14229133,False,923000,101735.965,939.02,0.028,2
1663627446,14229134,False,706000,101735.956,718.26,0.028,2
1663627446,14229135,False,745000,101734.817,757.92,0.028,2
1663627446,14229136,False,753000,101734.759,766.06,0.028,2
1663627446,14229137,False,912999,101734.747,928.84,0.028,2
1663627446,14229138,False,865999,101734.724,881.02,0.028,2
1663627446,14229139,False,1203000,101734.698,1223.87,0.028,2
1663627446,14229140,False,1256000,101734.255,1277.78,0.028,2
1663627446,14229141,False,2037000,101733.0,2072.3,0.028,2
1663627476,14229142,True,344291,101948.601,351.0,0.03,2
1663627492,14229143,True,196187,101943.453,200.0,0.03,2
1663627517,14229144,True,11722,101938.816,11.95,0.03,0
1663627530,14229145,False,24307,101788.0,24.74,0.028,0
1663627543,14229146,True,196213,101929.683,200.0,0.03,2
1663627550,14229147,False,2922395,101788.0,2974.65,0.028,2
1663627568,14229148,False,59912,101760.0,60.97,0.028,0
1663627577,14229149,False,320000,101734.0,325.55,0.028,2
1663627577,14229150,False,9597801,101734.0,9764.23,0.028,2
1663627591,14229151,False,5082000,101716.0,5169.21,0.027,2
1663627599,14229152,False,49787,101716.0,50.64,0.027,0
1663627645,14229153,True,19624,101912.463,20.0,0.029,0
1663627704,14229154,True,206105,101890.778,210.0,0.029,2
1663627722,14229155,False,80165,101771.495,81.59,0.028,0
1663627741,14229156,True,2943,101905.834,3.0,0.029,0
1663627742,14229157,True,304624,101905.834,310.43,0.029,2
1663627841,14229158,False,483811,101895.789,492.98,0.029,2
1663627845,14229159,True,22509,101912.46,22.94,0.029,0
1663627893,14229160,False,622000,101904.019,633.84,0.029,2
1663627893,14229161,False,562463,101903.04,573.17,0.029,2
1663627894,14229162,False,8537,101903.04,8.7,0.029,0
1663627894,14229163,False,221438,101899.854,225.64,0.029,2
1663627917,14229164,False,4999488,101894.0,5094.18,0.029,2
1663627952,14229165,True,15699,101912.46,16.0,0.029,0
1663627971,14229166,True,109898,101912.46,112.0,0.029,2
1663628084,14229167,True,143658,101912.46,146.41,0.029,2
1663628094,14229168,False,999000,101886.487,1017.85,0.029,2
1663628094,14229169,False,1158706,101884.98,1180.55,0.029,2
1663628094,14229170,False,938000,101884.98,955.68,0.029,2
1663628094,14229171,False,59970000,101884.98,61100.42,0.029,1
1663628094,14229172,False,999000,101884.433,1017.83,0.029,2
1663628094,14229173,False,1258000,101884.103,1281.7,0.029,2
1663628094,14229174,False,712000,101883.838,725.41,0.029,2
1663628094,14229175,False,287000,101883.682,292.41,0.029,2
1663628094,14229176,False,587000,101883.53,598.06,0.029,2
1663628094,14229177,False,1232000,101883.463,1255.2,0.029,2
1663628094,14229178,False,989000,101882.6,1007.62,0.029,2
