timestamp,tid,bool_type,satoshi,price,volume,var_mean,bool_volume
1665005150,14286465,True,95612,104588.486,100.0,0.029,2
1665005168,14286466,False,13608,104483.088,14.22,0.028,0
1665005213,14286467,True,478064,104588.486,500.0,0.029,2
1665005232,14286468,False,5530,104462.585,5.78,0.027,0
1665005309,14286469,True,310000,104573.823,324.18,0.029,2
1665005309,14286470,True,271000,104590.865,283.44,0.029,2
1665005339,14286471,True,47787,104630.642,50.0,0.029,0
1665005361,14286472,True,95585,104618.108,100.0,0.029,2
1665005496,14286473,True,47819,104560.897,50.0,0.028,0
1665005524,14286474,True,6857,104563.349,7.17,0.028,0
1665005525,14286475,False,1639,104459.777,1.71,0.027,0
1665005565,14286476,False,1210000,104474.931,1264.15,0.028,2
1665005565,14286477,False,666000,104439.254,695.57,0.027,2
1665005565,14286478,False,680000,104438.613,710.18,0.027,2
1665005565,14286479,False,842000,104437.691,879.37,0.027,2
1665005565,14286480,False,322000,104437.596,336.29,0.027,2
1665005565,14286481,False,825000,104437.349,861.61,0.027,2
1665005565,14286482,False,352917,104437.03,368.58,0.027,2
1665005595,14286483,True,95641,104557.375,100.0,0.028,2
1665005600,14286484,True,6680,104783.726,7.0,0.031,0
1665005613,14286485,False,950,104472.188,0.99,0.028,0
1665005664,14286486,True,13284,104633.5,13.9,0.029,0
1665005697,14286487,True,1303000,104704.52,1364.3,0.03,2
1665005697,14286488,True,1262000,104704.942,1321.38,0.03,2
1665005697,14286489,True,720000,104705.744,753.88,0.03,2
1665005697,14286490,True,658000,104705.744,688.96,0.03,2
1665005697,14286491,True,1276000,104706.007,1336.05,0.03,2
1665005697,14286492,True,511364,104706.024,535.43,0.03,2
1665005766,14286493,False,264115,104547.73,276.13,0.028,2
1665005788,14286494,False,48270,104559.478,50.47,0.028,0
1665005796,14286495,False,290385,104563.543,303.64,0.028,2
1665005871,14286496,True,362612,104789.63,379.98,0.031,2
1665005884,14286497,False,14662,104606.162,15.34,0.029,0
1665005910,14286498,True,4151,104771.339,4.35,0.031,0
1665005939,14286499,False,5730,104483.025,5.99,0.028,0
1665005952,14286500,False,86222,104489.241,90.09,0.028,0
1665005955,14286501,True,5090,104712.536,5.33,0.03,0
1665006020,14286502,True,5672,104711.346,5.94,0.03,0
1665006034,14286503,False,23350,104526.625,24.41,0.028,0
1665006100,14286504,False,124826,104487.589,130.43,0.028,2
1665006183,14286505,True,191002,104710.921,200.0,0.03,2
1665006223,14286506,True,288998,104710.921,302.61,0.03,2
1665006223,14286507,True,188417,104760.987,197.39,0.03,2
1665006258,14286508,True,19072,104808.429,19.99,0.031,0
1665006259,14286509,False,349000,104569.341,364.95,0.029,2
1665006259,14286510,False,820000,104567.986,857.46,0.029,2
1665006259,14286511,False,345000,104567.678,360.76,0.029,2
1665006259,14286512,False,661000,104567.379,691.19,0.029,2
1665006259,14286513,False,676000,104566.804,706.87,0.029,2
1665006259,14286514,False,1417000,104566.781,1481.71,0.029,2
1665006259,14286515,False,837000,104566.453,875.22,0.028,2
1665006259,14286516,False,1126000,104566.248,1177.42,0.028,2
1665006259,14286517,False,820000,104566.034,857.44,0.028,2
1665006259,14286518,False,1102000,104565.686,1152.31,0.028,2
1665006259,14286519,False,1464000,104564.243,1530.82,0.028,2
1665006259,14286520,False,382990,104564.14,400.47,0.028,2
1665006291,14286521,False,4830,104586.761,5.05,0.029,0
1665006355,14286522,True,3415,104827.226,3.58,0.031,0
1665006376,14286523,False,82640,104617.737,86.46,0.029,0
1665006426,14286524,True,4980,104819.163,5.22,0.031,0
1665006470,14286525,True,1332000,104822.634,1396.24,0.031,2
1665006470,14286526,True,2196000,104825.652,2301.97,0.031,2
1665006470,14286527,True,1650000,104826.79,1729.64,0.031,2
1665006470,14286528,True,439504,104826.944,460.72,0.031,2
1665006537,14286529,False,129050,104521.313,134.88,0.028,2
1665006547,14286530,True,9487,104774.66,9.94,0.031,0
1665006577,14286531,False,860000,104540.885,899.05,0.028,2
1665006577,14286532,False,300000,104540.885,313.62,0.028,2
1665006577,14286533,False,5000000,104539.84,5226.99,0.028,2
1665006577,14286534,False,608000,104539.595,635.6,0.028,2
1665006577,14286535,False,753000,104538.415,787.17,0.028,2
1665006577,14286536,False,1303000,104523.24,1361.94,0.028,2
1665006577,14286537,False,1175990,104523.142,1229.18,0.028,2
1665006602,14286538,True,1010525,104593.098,1056.94,0.029,2
1665006689,14286539,False,869999,104479.636,908.97,0.028,2
1665006689,14286540,False,554000,104479.636,578.82,0.028,2
1665006689,14286541,False,566000,104479.59,591.35,0.028,2
1665006689,14286542,False,715000,104478.726,747.02,0.028,2
1665006689,14286543,False,1050000,104478.451,1097.02,0.028,2
1665006689,14286544,False,4541040,104478.451,4744.41,0.028,2
1665006703,14286545,False,45439,104486.184,47.48,0.028,0
1665006778,14286546,False,895000,104480.864,935.1,0.028,2
1665006778,14286547,False,942999,104479.422,985.24,0.028,2
1665006778,14286548,False,1187000,104478.856,1240.16,0.028,2
1665006778,14286549,False,565000,104477.717,590.3,0.028,2
1665006778,14286550,False,679000,104477.587,709.4,0.028,2
1665006778,14286551,False,651000,104477.417,680.15,0.028,2
1665006778,14286552,False,134629,104477.326,140.66,0.028,2
1665006849,14286553,True,286581,104682.193,300.0,0.03,2
1665006936,14286554,True,447531,104680.207,468.48,0.03,2
1665007000,14286555,True,850000,104741.719,890.3,0.03,2
1665007000,14286556,True,2373000,104764.925,2486.07,0.03,2
1665007000,14286557,True,423452,104765.931,443.63,0.03,2
1665007006,14286558,True,985548,104761.99,1032.48,0.03,2
1665007022,14286559,True,25821,104754.882,27.05,0.03,0
1665007067,14286560,False,286191,104564.399,299.25,0.028,2
1665007071,14286561,False,29660,104564.399,31.01,0.028,0
1665007142,14286562,True,38169,104795.432,40.0,0.031,0
1665007233,14286563,True,1378000,104736.259,1443.27,0.03,2
1665007239,14286564,True,1593000,104735.067,1668.43,0.03,2
1665007239,14286565,True,632717,104735.272,662.68,0.03,2
1665007277,14286566,True,194070,104735.337,203.26,0.03,2
1665007320,14286567,True,47739,104735.208,50.0,0.03,0
1665007387,14286568,True,667028,104794.085,699.01,0.031,2
1665007541,14286569,True,95494,104717.839,100.0,0.03,2
1665007586,14286570,False,65483,104544.797,68.46,0.028,0
1665007726,14286571,True,1910,104662.843,2.0,0.029,0
1665007735,14286572,True,58811,104604.831,61.52,0.029,0
1665007753,14286573,True,66924,104595.747,70.0,0.029,0
1665007801,14286574,True,867135,104582.553,906.87,0.029,2
1665007811,14286575,False,20424,104482.723,21.34,0.028,0
1665007904,14286576,True,3586,104569.045,3.75,0.029,0
1665007919,14286577,False,4110,104479.836,4.29,0.028,0
1665007976,14286578,False,21160,104495.803,22.11,0.028,0
1665007986,14286579,False,65600,104495.813,68.55,0.028,0
1665008023,14286580,False,171081,104502.644,178.78,0.028,2
1665008073,14286581,True,7646,104620.23,8.0,0.029,0
1665008128,14286582,True,54730,104620.23,57.26,0.029,0
1665008128,14286583,True,1235624,104622.539,1292.74,0.029,2
1665008132,14286584,False,290560,104521.855,303.7,0.028,2
1665008134,14286585,True,2106000,104628.376,2203.47,0.029,2
1665008135,14286586,True,286580,104686.224,300.01,0.03,2
1665008230,14286587,True,869999,104764.494,911.45,0.03,2
1665008230,14286588,True,870026,104806.448,911.84,0.031,2
1665008263,14286589,False,477554,104700.0,500.0,0.03,2
1665008263,14286590,False,1652796,104581.426,1728.52,0.029,2
1665008294,14286591,False,8326,104595.848,8.71,0.029,0
1665008297,14286592,True,690643,104806.448,723.84,0.031,2
1665008321,14286593,True,475946,105083.18,500.14,0.034,2
1665008325,14286594,True,57098,105081.508,60.0,0.034,0
1665008352,14286595,True,1934001,105175.487,2034.09,0.034,2
1665008392,14286596,False,14260,104833.036,14.95,0.031,0
1665008442,14286597,False,139777,104855.107,146.56,0.031,2
1665008452,14286598,False,1209,104858.094,1.27,0.031,0
1665008521,14286599,False,344000,104764.151,360.39,0.03,2
1665008521,14286600,False,358000,104762.39,375.05,0.03,2
1665008521,14286601,False,60939,104761.931,63.84,0.03,0
1665008601,14286602,False,447610,104796.819,469.08,0.031,2
1665008635,14286603,True,1209000,105058.961,1270.16,0.033,2
1665008635,14286604,True,572000,105060.136,600.94,0.033,2
1665008635,14286605,True,1696027,105061.294,1781.87,0.033,2
1665008716,14286606,False,78950,104897.012,82.82,0.032,0
1665008804,14286607,True,741524,105200.0,780.08,0.035,2
1665008804,14286608,True,1326000,105243.963,1395.53,0.035,2
1665008804,14286609,True,1984000,105244.395,2088.05,0.035,2
1665008804,14286610,True,1862000,105244.919,1959.66,0.035,2
1665008804,14286611,True,1862000,105245.462,1959.67,0.035,2
1665008804,14286612,True,1154000,105245.482,1214.53,0.035,2
1665008804,14286613,True,1166000,105246.12,1227.17,0.035,2
1665008804,14286614,True,1326000,105246.272,1395.57,0.035,2
1665008804,14286615,True,2551000,105247.147,2684.85,0.035,2
1665008804,14286616,True,1399000,105247.276,1472.41,0.035,2
1665008804,14286617,True,1093000,105247.298,1150.35,0.035,2
1665008804,14286618,True,2421000,105248.134,2548.06,0.035,2
1665008804,14286619,True,2343000,105249.857,2466.0,0.035,2
1665008804,14286620,True,571000,105252.382,600.99,0.035,2
1665008804,14286621,True,16204985,105258.13,17057.06,0.035,2
1665008819,14286622,False,123540,104952.596,129.66,0.032,2
1665008860,14286623,True,19134,105255.672,20.14,0.035,0
1665008866,14286624,False,104510,104976.8,109.71,0.033,2
1665008886,14286625,True,72032,105285.33,75.84,0.036,0
1665008886,14286626,True,555039,105290.754,584.4,0.036,2
1665009034,14286627,False,3800,105036.459,3.99,0.033,0
1665009123,14286628,False,1329000,105111.043,1396.93,0.034,2
1665009123,14286629,False,1301000,105110.808,1367.49,0.034,2
1665009123,14286630,False,536000,105100.685,563.34,0.034,2
1665009123,14286631,False,1084000,105100.436,1139.29,0.034,2
1665009123,14286632,False,1107000,105098.65,1163.44,0.034,2
1665009123,14286633,False,1073000,105098.188,1127.7,0.034,2
1665009123,14286634,False,2476430,105095.95,2602.63,0.034,2
1665009214,14286635,False,14999,105099.111,15.76,0.034,0
1665009283,14286636,True,473000,105165.628,497.43,0.034,2
1665009283,14286637,True,2440,105170.069,2.57,0.034,0
1665009479,14286638,False,80850,105095.95,84.97,0.034,0
1665009495,14286639,True,1902,105138.56,2.0,0.034,0
1665009527,14286640,True,380450,105138.56,400.0,0.034,2
1665009635,14286641,True,951,105211.22,1.0,0.035,0
1665009635,14286642,True,94079,105229.924,99.0,0.035,0
1665009646,14286643,True,380144,105223.15,400.0,0.035,2
1665009668,14286644,True,47518,105221.136,50.0,0.035,0
1665009735,14286645,False,194687,105095.95,204.61,0.034,2
1665009947,14286646,False,182850,105103.508,192.18,0.034,2
1665010005,14286647,False,58400,105104.873,61.38,0.034,0
1665010026,14286648,True,95010,105251.24,100.0,0.035,2
1665010048,14286649,False,135320,105120.499,142.25,0.034,2
1665010072,14286650,True,1081549,105240.666,1138.23,0.035,2
1665010118,14286651,True,949,105277.226,1.0,0.035,0
1665010230,14286652,True,35145,105276.593,37.0,0.035,0
1665010259,14286653,False,30483,105156.885,32.05,0.034,0
1665010276,14286654,False,1156000,105163.639,1215.69,0.034,2
1665010276,14286655,False,530506,105163.053,557.9,0.034,2
1665010411,14286656,True,33018,105298.272,34.77,0.036,0
1665010411,14286657,True,916649,105300.0,965.23,0.036,2
1665010416,14286658,False,96090,105140.359,101.03,0.034,2
1665010423,14286659,True,1360350,105300.0,1432.45,0.036,2
1665010423,14286660,True,449999,105335.056,474.01,0.036,2
1665010423,14286661,True,1058000,105336.867,1114.46,0.036,2
1665010423,14286662,True,151026,105336.889,159.09,0.036,2
1665010453,14286663,True,4746,105335.763,5.0,0.036,0
1665010459,14286664,False,1047000,105161.023,1101.04,0.034,2
1665010459,14286665,False,1014999,105160.705,1067.38,0.034,2
1665010459,14286666,False,983000,105159.708,1033.72,0.034,2
1665010459,14286667,False,1014999,105159.208,1067.37,0.034,2
1665010459,14286668,False,481000,105157.999,505.81,0.034,2
1665010459,14286669,False,1167000,105157.941,1227.19,0.034,2
1665010459,14286670,False,1257000,105156.867,1321.82,0.034,2
1665010459,14286671,False,1218000,105156.865,1280.81,0.034,2
1665010459,14286672,False,502000,105156.604,527.89,0.034,2
1665010459,14286673,False,984808,105111.733,1035.15,0.034,2
1665010578,14286674,False,5790,105211.372,6.09,0.035,0
1665010602,14286675,False,691935,105221.431,728.06,0.035,2
1665010602,14286676,False,1180000,105221.431,1241.61,0.035,2
1665010602,14286677,False,889000,105221.431,935.42,0.035,2
1665010602,14286678,False,434999,105221.125,457.71,0.035,2
1665010602,14286679,False,44519743,105221.091,46844.16,0.035,1
1665010602,14286680,False,44519744,105221.09,46844.16,0.035,1
1665010602,14286681,False,44519744,105221.089,46844.16,0.035,1
1665010602,14286682,False,32162174,105221.088,33841.39,0.035,1
1665010613,14286683,True,691590,105368.41,728.72,0.036,2
1665010613,14286684,True,277756,105368.41,292.67,0.036,2
1665010613,14286685,True,529000,105395.542,557.54,0.037,2
1665010613,14286686,True,501682,105397.004,528.76,0.037,2
1665010623,14286687,True,504997,105398.077,532.26,0.037,2
1665010630,14286688,False,838000,105169.069,881.32,0.034,2
1665010630,14286689,False,490309,105167.939,515.65,0.034,2
1665010662,14286690,True,2000000,105400.0,2108.0,0.037,2
1665010671,14286691,True,610000,105483.303,643.45,0.038,2
1665010671,14286692,True,1003000,105486.406,1058.03,0.038,2
1665010671,14286693,True,282994,105487.24,298.52,0.038,2
1665010691,14286694,True,130000,105484.51,137.13,0.038,2
1665010691,14286695,True,529000,105498.396,558.09,0.038,2
1665010691,14286696,True,5600,105500.0,5.91,0.038,0
1665010691,14286697,True,51592,105500.0,54.43,0.038,0
1665010691,14286698,True,1179569,105500.0,1244.45,0.038,2
1665010716,14286699,True,2843,105500.0,3.0,0.038,0
1665010743,14286700,False,9480,105299.828,9.98,0.036,0
1665010751,14286701,False,788230,105302.514,830.03,0.036,2
1665010754,14286702,True,315196,105486.562,332.49,0.038,2
1665010762,14286703,True,2843,105486.652,3.0,0.038,0
1665010778,14286704,False,3790,105310.839,3.99,0.036,0
1665010795,14286705,True,3792,105485.217,4.0,0.038,0
1665010812,14286706,False,830000,105326.474,874.21,0.036,2
1665010812,14286707,False,901000,105326.474,948.99,0.036,2
1665010812,14286708,False,432000,105326.403,455.01,0.036,2
1665010812,14286709,False,835240,105325.884,879.72,0.036,2
1665010917,14286710,False,950,105216.746,1.0,0.035,0
1665010944,14286711,True,94910,105361.865,100.0,0.036,2
1665010950,14286712,True,23728,105359.018,25.0,0.036,0
1665010968,14286713,True,700000,105351.367,737.46,0.036,2
1665010968,14286714,True,262968,105351.367,277.04,0.036,2
1665010971,14286715,True,140000,105350.953,147.49,0.036,2
1665010971,14286716,True,100899,105350.953,106.3,0.036,2
1665010986,14286717,False,106532,105127.816,111.99,0.034,2
1665011010,14286718,True,2847,105351.087,3.0,0.036,0
1665011036,14286719,True,100000,105351.087,105.35,0.036,2
1665011036,14286720,True,89374,105364.296,94.17,0.036,0
1665011069,14286721,True,1898,105366.95,2.0,0.036,0
1665011084,14286722,True,105545,105366.95,111.21,0.036,2
1665011092,14286723,False,23560,105156.332,24.77,0.034,0
1665011116,14286724,True,1073000,105359.567,1130.51,0.036,2
1665011116,14286725,True,1109989,105360.62,1169.49,0.036,2
1665011143,14286726,False,215450,105163.194,226.57,0.034,2
1665011179,14286727,True,1901,105165.94,2.0,0.034,0
1665011208,14286728,True,15000000,105222.15,15783.32,0.035,2
1665011276,14286729,False,665260,105127.801,699.37,0.034,2
1665011316,14286730,True,290000,105237.278,305.19,0.035,2
1665011316,14286731,True,1206000,105290.828,1269.81,0.036,2
1665011316,14286732,True,1059000,105291.322,1115.04,0.036,2
1665011316,14286733,True,423396,105291.376,445.8,0.036,2
1665011468,14286734,True,2459,105298.16,2.59,0.036,0
1665011537,14286735,False,49480,105106.661,52.01,0.034,0
1665011584,14286736,True,1899,105298.92,2.0,0.036,0
1665011599,14286737,False,8560,105133.276,9.0,0.034,0
1665011652,14286738,False,75140,105151.898,79.01,0.034,0
1665011653,14286739,True,949,105310.011,1.0,0.036,0
1665011675,14286740,True,9495,105314.549,10.0,0.036,0
1665011741,14286741,False,174589,105123.113,183.53,0.034,2
1665011800,14286742,True,16957,105319.27,17.86,0.036,0
1665011800,14286743,True,174502,105349.507,183.84,0.036,2
1665011800,14286744,True,288263,105349.507,303.68,0.036,2
1665011838,14286745,True,11789,105348.03,12.42,0.036,0
1665011948,14286746,True,27443,105198.0,28.87,0.035,0
1665012011,14286747,False,61720,105152.543,64.9,0.034,0
1665012033,14286748,False,13294,105158.277,13.98,0.034,0
1665012076,14286749,True,352985,105198.0,371.33,0.035,2
1665012076,14286750,True,228241,105198.0,240.11,0.035,2
1665012076,14286751,True,7499,105200.0,7.89,0.035,0
1665012088,14286752,True,4838402,105200.0,5090.0,0.035,2
1665012104,14286753,False,80000,105117.305,84.09,0.034,0
1665012121,14286754,True,80563,105303.233,84.84,0.036,0
1665012155,14286755,True,200000,105303.153,210.61,0.036,2
1665012213,14286756,True,28783,105374.383,30.33,0.036,0
1665012229,14286757,True,47453,105366.254,50.0,0.036,0
1665012231,14286758,False,3800,105172.533,4.0,0.034,0
1665012280,14286759,False,363339,105194.001,382.21,0.035,2
1665012280,14286760,True,949,105373.364,1.0,0.036,0
1665012364,14286761,True,189816,105364.808,200.0,0.036,2
1665012369,14286762,True,28472,105365.288,30.0,0.036,0
1665012386,14286763,True,958,105341.174,1.01,0.036,0
1665012395,14286764,False,49400,105125.154,51.93,0.034,0
1665012457,14286765,True,53175,105317.737,56.0,0.036,0
1665012457,14286766,True,41773,105323.377,44.0,0.036,0
1665012458,14286767,True,189893,105322.02,200.0,0.036,2
1665012464,14286768,True,3796,105320.513,4.0,0.036,0
1665012471,14286769,True,94950,105318.22,100.0,0.036,2
1665012473,14286770,False,2650,105109.054,2.79,0.034,0
1665012515,14286771,True,136722,105323.173,144.0,0.036,2
1665012519,14286772,True,427260,105321.839,450.0,0.036,2
1665012522,14286773,True,949,105320.594,1.0,0.036,0
1665012615,14286774,True,52041,105319.0,54.81,0.036,0
1665012656,14286775,True,949,105271.361,1.0,0.035,0
1665012661,14286776,True,13023,105267.917,13.71,0.035,0
1665012669,14286777,False,459700,105116.195,483.22,0.034,2
1665012737,14286778,True,47532,105191.045,50.0,0.035,0
1665012779,14286779,False,800000,105100.0,840.8,0.034,2
1665012779,14286780,False,110038,105100.0,115.65,0.034,2
1665012779,14286781,False,9514747,105100.0,10000.0,0.034,2
1665012779,14286782,False,472000,105013.282,495.66,0.033,2
1665012779,14286783,False,3478505,105011.829,3652.84,0.033,2
1665012808,14286784,True,950,105169.229,1.0,0.034,0
1665012919,14286785,True,47542,105168.101,50.0,0.034,0
1665012949,14286786,False,293000,104979.969,307.59,0.033,2
1665012973,14286787,True,35182,105166.87,37.0,0.034,0
1665012977,14286788,True,4754,105166.87,5.0,0.034,0
1665013026,14286789,False,468000,105005.059,491.42,0.033,2
1665013026,14286790,False,400953,105004.6,421.02,0.033,2
1665013026,14286791,False,1000000,105004.6,1050.05,0.033,2
1665013026,14286792,False,1065000,105004.6,1118.3,0.033,2
1665013026,14286793,False,907000,105004.139,952.39,0.033,2
1665013026,14286794,False,1147000,105003.65,1204.39,0.033,2
1665013026,14286795,False,5000000,105003.31,5250.17,0.033,2
1665013026,14286796,False,439000,105003.3,460.96,0.033,2
1665013026,14286797,False,874767,105002.723,918.53,0.033,2
1665013185,14286798,False,100000,104982.132,104.98,0.033,2
1665013185,14286799,False,5000000,104982.132,5249.11,0.033,2
1665013185,14286800,False,406000,104982.122,426.23,0.033,2
1665013185,14286801,False,1040000,104981.754,1091.81,0.033,2
1665013185,14286802,False,987000,104981.44,1036.17,0.033,2
1665013185,14286803,False,1430000,104981.324,1501.23,0.033,2
1665013185,14286804,False,1445000,104980.703,1516.97,0.033,2
1665013185,14286805,False,1876999,104980.471,1970.48,0.033,2
1665013185,14286806,False,876000,104979.98,919.62,0.033,2
1665013185,14286807,False,804000,104979.712,844.04,0.033,2
1665013185,14286808,False,1839000,104979.128,1930.57,0.033,2
1665013185,14286809,False,12024206,104978.834,12622.87,0.033,2
1665013185,14286810,False,12024206,104978.832,12622.87,0.033,2
1665013185,14286811,False,1858000,104978.829,1950.51,0.033,2
1665013185,14286812,False,55492188,104897.492,58209.91,0.032,1
1665013197,14286813,False,50140,104904.184,52.6,0.032,0
1665013201,14286814,False,34255,104906.849,35.94,0.032,0
1665013264,14286815,True,7279,105228.184,7.66,0.035,0
1665013364,14286816,False,324000,104971.379,340.11,0.032,2
1665013364,14286817,False,575265,104969.977,603.86,0.032,2
1665013440,14286818,True,76025,105228.184,80.0,0.035,0
1665013523,14286819,False,142530,105007.088,149.67,0.033,2
1665013545,14286820,True,142547,105228.184,150.0,0.035,2
1665013645,14286821,False,27579,105058.56,28.98,0.033,0
1665013658,14286822,True,14577,105228.184,15.34,0.035,0
1665013791,14286823,True,94992,105271.705,100.0,0.035,2
1665013822,14286824,False,116390,105064.237,122.28,0.033,2
1665013869,14286825,True,68739,105271.705,72.36,0.035,0
1665013934,14286826,False,7792,105066.71,8.19,0.033,0
1665013965,14286827,True,693635,105303.471,730.42,0.036,2
1665014116,14286828,False,52530,105152.384,55.24,0.034,0
1665014158,14286829,False,19020,105136.194,20.0,0.034,0
1665014200,14286830,False,450526,105129.167,473.64,0.034,2
1665014228,14286831,True,970000,105369.14,1022.08,0.036,2
1665014228,14286832,True,10000,105369.14,10.54,0.036,0
1665014228,14286833,True,1392598,105370.068,1467.38,0.036,2
1665014264,14286834,False,1609,105128.01,1.69,0.034,0
1665014292,14286835,False,950,105051.489,1.0,0.033,0
1665014313,14286836,False,94282,105121.01,99.11,0.034,0
1665014343,14286837,True,474731,105322.656,500.0,0.036,2
1665014388,14286838,False,61986,105120.887,65.16,0.034,0
1665014406,14286839,False,166777,105127.194,175.33,0.034,2
1665014523,14286840,True,47491,105282.98,50.0,0.036,0
1665014528,14286841,True,460000,105281.766,484.3,0.036,2
1665014528,14286842,True,14915,105281.766,15.7,0.036,0
1665014544,14286843,False,2607,105043.235,2.74,0.033,0
1665014589,14286844,True,475044,105253.344,500.0,0.035,2
1665014600,14286845,False,3766,105089.01,3.96,0.034,0
1665014619,14286846,True,949074,105239.584,998.8,0.035,2
1665014623,14286847,False,90800,105095.58,95.43,0.034,0
1665014638,14286848,True,1975000,105229.15,2078.28,0.035,2
1665014638,14286849,True,2060000,105230.148,2167.74,0.035,2
1665014638,14286850,True,1248000,105230.976,1313.28,0.035,2
1665014638,14286851,True,586000,105230.978,616.65,0.035,2
1665014638,14286852,True,9131502,105230.985,9609.17,0.035,2
1665014641,14286853,True,108335,105228.586,114.0,0.035,2
1665014645,14286854,False,34930,105103.297,36.71,0.034,0
1665014648,14286855,True,1827499,105224.455,1922.98,0.035,2
1665014652,14286856,False,5200,105105.717,5.47,0.034,0
1665014660,14286857,True,693607,105221.784,729.83,0.035,2
1665014660,14286858,True,416305,105221.784,438.04,0.035,2
1665014666,14286859,False,1900,105111.112,2.0,0.034,0
1665014674,14286860,True,511554,105215.39,538.23,0.035,2
1665014717,14286861,True,237390,105311.705,250.0,0.036,2
1665014737,14286862,False,1900,105126.796,2.0,0.034,0
1665014742,14286863,True,142448,105301.051,150.0,0.036,2
1665014762,14286864,False,1900,105184.78,2.0,0.035,0
1665014764,14286865,False,466050,105184.78,490.21,0.035,2
1665014766,14286866,True,546000,105496.349,576.01,0.038,2
1665014766,14286867,True,547953,105496.743,578.07,0.038,2
1665014778,14286868,False,3790,105191.47,3.99,0.035,0
1665014782,14286869,True,1303000,105488.98,1374.52,0.038,2
1665014782,14286870,True,465816,105489.28,491.39,0.038,2
1665014782,14286871,True,358757,105489.28,378.45,0.038,2
1665014789,14286872,False,100930,105197.246,106.18,0.035,2
1665014798,14286873,True,1014999,105483.393,1070.66,0.038,2
1665014798,14286874,True,496999,105483.676,524.25,0.038,2
1665014798,14286875,True,742062,105496.061,782.85,0.038,2
1665014812,14286876,True,13260431,105500.0,13989.75,0.038,2
1665014839,14286877,False,3790,105444.921,4.0,0.037,0
1665014980,14286878,False,255760,105304.935,269.33,0.036,2
1665014999,14286879,False,4710,105334.727,4.96,0.036,0
1665015041,14286880,False,681000,105355.65,717.47,0.036,2
1665015061,14286881,True,390795,105499.0,412.28,0.038,2
1665015061,14286882,True,84164,105510.0,88.8,0.038,0
1665015093,14286883,True,104255,105510.0,110.0,0.038,2
1665015099,14286884,False,29731,105384.658,31.33,0.037,0
1665015126,14286885,True,1895,105510.0,2.0,0.038,0
1665015164,14286886,False,107570,105412.866,113.39,0.037,2
1665015181,14286887,True,304710,105510.0,321.5,0.038,2
1665015181,14286888,True,149864,105510.0,158.12,0.038,2
1665015195,14286889,True,600000,105600.0,633.6,0.039,2
1665015207,14286890,True,146217,105769.652,154.65,0.04,2
1665015221,14286891,True,23637,105763.773,25.0,0.04,0
1665015237,14286892,False,4730,105535.212,4.99,0.038,0
1665015335,14286893,True,510000,105753.089,539.34,0.04,2
1665015335,14286894,True,435593,105754.349,460.66,0.04,2
1665015347,14286895,False,1889,105582.613,2.0,0.038,0
1665015380,14286896,True,18375,105739.773,19.43,0.04,0
1665015459,14286897,True,293172,105709.01,309.91,0.04,2
1665015517,14286898,True,21885,105684.065,23.13,0.039,0
1665015553,14286899,True,236406,105750.0,250.0,0.04,2
1665015581,14286900,True,63594,105750.0,67.25,0.04,0
1665015581,14286901,True,1014999,105795.202,1073.82,0.041,2
1665015581,14286902,True,1005000,105796.175,1063.25,0.041,2
1665015581,14286903,True,466000,105796.511,493.01,0.041,2
1665015581,14286904,True,933000,105796.738,987.08,0.041,2
1665015581,14286905,True,194683,105799.0,205.97,0.041,2
1665015596,14286906,True,23631,105789.857,25.0,0.041,0
1665015604,14286907,False,7559,105601.931,7.98,0.039,0
1665015608,14286908,True,3482521,105799.0,3684.47,0.041,2
1665015608,14286909,True,100000,105800.0,105.8,0.041,2
1665015608,14286910,True,300000,105800.0,317.4,0.041,2
1665015694,14286911,True,2653,105889.499,2.81,0.042,0
1665015724,14286912,False,218966,105701.244,231.45,0.04,2
1665015730,14286913,True,177347,105889.499,187.79,0.042,2
1665015730,14286914,True,112941,105900.0,119.6,0.042,2
1665015730,14286915,True,410682,105917.094,434.98,0.042,2
1665015763,14286916,True,9205,105917.233,9.75,0.042,0
1665015791,14286917,False,1535000,105606.164,1621.05,0.039,2
1665015791,14286918,False,481000,105606.092,507.97,0.039,2
1665015791,14286919,False,993000,105605.691,1048.66,0.039,2
1665015791,14286920,False,1060000,105605.602,1119.42,0.039,2
1665015791,14286921,False,1179000,105605.602,1245.09,0.039,2
1665015791,14286922,False,680000,105605.043,718.11,0.039,2
1665015791,14286923,False,1586999,105605.043,1675.95,0.039,2
1665015791,14286924,False,1130000,105604.731,1193.33,0.039,2
1665015791,14286925,False,496000,105604.356,523.8,0.039,2
1665015791,14286926,False,705325,105603.907,744.85,0.039,2
1665015792,14286927,True,47205,105918.961,50.0,0.042,0
1665015834,14286928,False,29226,105628.359,30.87,0.039,0
1665015851,14286929,True,9132,105889.809,9.67,0.042,0
1665015915,14286930,True,28954,105855.7,30.65,0.041,0
1665015918,14286931,True,338154,105854.045,357.95,0.041,2
1665015940,14286932,True,740000,105843.605,783.24,0.041,2
1665015940,14286933,True,299580,105843.605,317.09,0.041,2
1665015995,14286934,False,940,105615.562,0.99,0.039,0
1665016007,14286935,False,19220,105598.906,20.3,0.039,0
1665016083,14286936,True,491331,105834.672,520.0,0.041,2
1665016205,14286937,True,217430,105780.899,230.0,0.04,2
1665016293,14286938,True,20781,105865.873,22.0,0.041,0
1665016357,14286939,True,1090000,105839.931,1153.66,0.041,2
1665016357,14286940,True,931311,105840.353,985.7,0.041,2
1665016358,14286941,True,188964,105840.031,200.0,0.041,2
1665016463,14286942,False,99081,105697.768,104.73,0.04,2
1665016688,14286943,False,133372,105560.0,140.79,0.038,2
1665016701,14286944,False,11381,105409.68,12.0,0.037,0
1665016815,14286945,False,35387,105447.114,37.31,0.037,0
1665016817,14286946,True,189573,105500.0,200.0,0.038,2
1665016822,14286947,True,657313,105500.0,693.47,0.038,2
1665016822,14286948,True,398920,105500.0,420.86,0.038,2
1665016908,14286949,False,826624,105406.725,871.32,0.037,2
1665016947,14286950,False,800000,105420.63,843.37,0.037,2
1665016947,14286951,False,193499,105420.63,203.99,0.037,2
1665016970,14286952,True,18957,105500.0,20.0,0.038,0
1665017064,14286953,True,100923,105500.0,106.47,0.038,2
1665017064,14286954,True,40822,105500.0,43.07,0.038,0
1665017064,14286955,True,331696,105656.552,350.46,0.039,2
1665017082,14286956,True,378585,105656.436,400.0,0.039,2
1665017095,14286957,True,215102,105656.436,227.27,0.039,2
1665017138,14286958,True,66252,105656.436,70.0,0.039,0
1665017164,14286959,True,40061,105656.436,42.33,0.039,0
1665017164,14286960,True,861221,105834.931,911.47,0.041,2
1665017180,14286961,True,14173,105834.931,15.0,0.041,0
1665017233,14286962,True,472432,105834.931,500.0,0.041,2
1665017270,14286963,False,89360,105664.843,94.42,0.039,0
1665017331,14286964,True,146804,105956.0,155.55,0.042,2
1665017331,14286965,True,200000,105990.0,211.98,0.042,2
1665017331,14286966,True,984000,105990.257,1042.94,0.043,2
1665017331,14286967,True,2106482,106000.0,2232.87,0.043,2
1665017339,14286968,False,616970,105842.01,653.01,0.041,2
1665017348,14286969,False,80000,105848.184,84.68,0.041,0
1665017348,14286970,True,14384748,106000.0,15247.83,0.043,2
1665017368,14286971,True,150000,106000.0,159.0,0.043,2
1665017368,14286972,True,19857164,106000.0,21048.59,0.043,1
1665017389,14286973,False,890000,105866.032,942.21,0.041,2
1665017410,14286974,True,800000,106000.0,848.0,0.043,2
1665017410,14286975,True,5426415,106000.0,5752.0,0.043,2
1665017467,14286976,True,10836569,106000.0,11486.76,0.043,2
1665017467,14286977,True,17059152,106000.0,18082.7,0.043,2
1665017467,14286978,True,2100860,106000.0,2226.91,0.043,2
1665017467,14286979,True,3447,106000.0,3.65,0.043,0
1665017480,14286980,True,36553,106000.0,38.75,0.043,0
1665017480,14286981,True,949362,106000.0,1006.32,0.043,2
1665017480,14286982,True,1841624,106000.0,1952.12,0.043,2
1665017480,14286983,True,12187459,106000.0,12918.71,0.043,2
1665017495,14286984,True,2800898,106000.0,2968.95,0.043,2
1665017495,14286985,True,9811920,106000.0,10400.64,0.043,2
1665017495,14286986,True,943397,106000.0,1000.0,0.043,2
1665017495,14286987,True,10000,106000.0,10.6,0.043,0
1665017495,14286988,True,110000,106029.71,116.63,0.043,2
1665017495,14286989,True,41065,106029.71,43.54,0.043,0
1665017495,14286990,True,950000,106030.0,1007.28,0.043,2
1665017495,14286991,True,178000,106039.0,188.75,0.043,2
1665017495,14286992,True,162225,106040.0,172.02,0.043,2
1665017532,14286993,False,4720,105933.98,5.0,0.042,0
1665017536,14286994,True,5000000,106000.0,5300.0,0.043,2
1665017536,14286995,True,7501,106040.0,7.95,0.043,0
1665017549,14286996,False,1079000,105942.192,1143.12,0.042,2
1665017549,14286997,False,880000,105941.643,932.29,0.042,2
1665017549,14286998,False,959999,105941.298,1017.04,0.042,2
1665017549,14286999,False,459000,105941.298,486.27,0.042,2
1665017549,14287000,False,1079000,105941.071,1143.1,0.042,2
1665017549,14287001,False,928000,105940.949,983.13,0.042,2
1665017549,14287002,False,1068000,105940.809,1131.45,0.042,2
1665017549,14287003,False,4178242,105939.982,4426.43,0.042,2
1665017596,14287004,True,23587,106040.0,25.01,0.043,0
1665017608,14287005,True,109708,106100.0,116.4,0.044,2
1665017608,14287006,True,689219,106100.0,731.26,0.044,2
1665017617,14287007,True,1030398,106100.0,1093.25,0.044,2
1665017627,14287008,True,8280382,106100.0,8785.49,0.044,2
1665017627,14287009,True,5000000,106100.0,5305.0,0.044,2
1665017627,14287010,True,515,106109.0,0.55,0.044,0
1665017631,14287011,False,1880,106040.634,1.99,0.043,0
1665017642,14287012,True,126485,106109.0,134.21,0.044,2
1665017642,14287013,True,29999,106123.36,31.84,0.044,0
1665017652,14287014,True,840233,106186.93,892.22,0.044,2
1665017657,14287015,True,48989,106186.93,52.02,0.044,0
1665017659,14287016,True,70778,106186.93,75.16,0.044,0
1665017659,14287017,True,29999,106186.93,31.86,0.044,0
1665017659,14287018,True,432642,106205.52,459.49,0.045,2
1665017663,14287019,True,941,106205.245,1.0,0.045,0
1665017677,14287020,False,3770,106062.543,4.0,0.043,0
1665017755,14287021,True,4708,106197.591,5.0,0.045,0
1665017779,14287022,True,47085,106189.552,50.0,0.044,0
1665017810,14287023,False,8000,105929.06,8.47,0.042,0
1665017824,14287024,False,1880,105929.06,1.99,0.042,0
1665017829,14287025,False,30741,105929.06,32.56,0.042,0
1665017829,14287026,False,913288,105846.699,966.69,0.041,2
1665017833,14287027,True,94167,106193.876,100.0,0.045,2
1665017850,14287028,False,829038,105856.127,877.59,0.041,2
1665017851,14287029,True,1441,106137.971,1.53,0.044,0
1665017938,14287030,True,1168,106129.654,1.24,0.044,0
1665017941,14287031,True,60086,106129.718,63.77,0.044,0
1665017957,14287032,True,16243,106133.279,17.24,0.044,0
1665017999,14287033,True,2879,105929.086,3.05,0.042,0
1665018017,14287034,False,289700,105629.179,306.01,0.039,2
1665018031,14287035,False,359789,105635.372,380.06,0.039,2
1665018087,14287036,True,61479,105906.012,65.11,0.042,0
1665018119,14287037,False,218423,105652.806,230.77,0.039,2
1665018145,14287038,False,483340,105664.641,510.72,0.039,2
1665018166,14287039,True,13219,105902.09,14.0,0.042,0
1665018188,14287040,False,12430,105682.147,13.14,0.039,0
1665018305,14287041,False,139720,105573.491,147.51,0.038,2
1665018317,14287042,True,4437,105682.14,4.69,0.039,0
1665018406,14287043,True,5563,105682.14,5.88,0.039,0
1665018406,14287044,True,10000,105685.0,10.57,0.04,0
1665018417,14287045,True,514710,105800.0,544.56,0.041,2
1665018452,14287046,True,397064,105800.0,420.09,0.041,2
1665018460,14287047,False,5320,105710.34,5.62,0.04,0
1665018460,14287048,True,1188226,105800.0,1257.14,0.041,2
1665018515,14287049,True,9433,106000.0,10.0,0.043,0
1665018516,14287050,True,500567,106000.0,530.6,0.043,2
1665018516,14287051,True,500000,106000.0,530.0,0.043,2
1665018516,14287052,True,10000,106055.0,10.61,0.043,0
1665018516,14287053,True,660909,106119.482,701.35,0.044,2
1665018525,14287054,True,6690,106119.482,7.1,0.044,0
1665018561,14287055,True,942,106119.482,1.0,0.044,0
1665018570,14287056,False,24470,105897.794,25.91,0.042,0
1665018605,14287057,True,190000,106119.482,201.63,0.044,2
1665018605,14287058,True,340062,106119.482,360.87,0.044,2
1665018624,14287059,False,760000,105923.984,805.02,0.042,2
1665018624,14287060,False,2321440,105923.815,2458.96,0.042,2
1665018631,14287061,False,909000,105928.048,962.89,0.042,2
1665018631,14287062,False,807000,105927.36,854.83,0.042,2
1665018631,14287063,False,899000,105927.322,952.29,0.042,2
1665018631,14287064,False,766000,105926.388,811.4,0.042,2
1665018631,14287065,False,5690880,105926.23,6028.13,0.042,2
1665018733,14287066,True,471122,106129.566,500.0,0.044,2
1665018739,14287067,False,10933,105903.021,11.58,0.042,0
1665018763,14287068,True,471176,106117.401,500.0,0.044,2
1665018775,14287069,False,147274,105815.381,155.84,0.041,2
1665018819,14287070,True,10842,106061.757,11.5,0.043,0
1665018865,14287071,True,2922,106056.134,3.1,0.043,0
1665018880,14287072,True,10457,106049.442,11.09,0.043,0
1665018883,14287073,False,959999,105820.924,1015.88,0.041,2
1665018883,14287074,False,363000,105820.924,384.13,0.041,2
1665018883,14287075,False,265510,105819.359,280.96,0.041,2
1665019021,14287076,False,28750,105843.385,30.43,0.041,0
1665019054,14287077,False,9190,105856.442,9.73,0.041,0
1665019160,14287078,True,28508,106005.055,30.22,0.043,0
1665019336,14287079,False,479999,105906.133,508.35,0.042,2
1665019385,14287080,True,55008,106020.0,58.32,0.043,0
1665019457,14287081,True,9434,105994.611,10.0,0.043,0
1665019468,14287082,False,1000000,105800.01,1058.0,0.041,2
1665019506,14287083,True,353891,105964.62,375.0,0.042,2
1665019519,14287084,False,66510,105800.0,70.37,0.041,0
1665019525,14287085,False,360645,105800.0,381.56,0.041,2
1665019525,14287086,False,110055,105799.94,116.44,0.041,2
1665019543,14287087,False,6550,105799.94,6.93,0.041,0
1665019557,14287088,False,355985,105799.94,376.63,0.041,2
1665019557,14287089,False,270785,105710.279,286.25,0.04,2
1665019618,14287090,True,4719,105943.311,5.0,0.042,0
1665019623,14287091,True,18878,105940.462,20.0,0.042,0
1665019714,14287092,True,23599,105933.603,25.0,0.042,0
1665019720,14287093,False,31205,105763.429,33.0,0.04,0
1665019721,14287094,True,1126000,105931.879,1192.79,0.042,2
1665019721,14287095,True,390000,105932.131,413.14,0.042,2
1665019721,14287096,True,557000,105932.131,590.04,0.042,2
1665019721,14287097,True,758996,105933.32,804.03,0.042,2
1665019727,14287098,False,472000,105763.429,499.2,0.04,2
1665019734,14287099,True,4248,105930.222,4.5,0.042,0
1665019784,14287100,False,17273,105772.324,18.27,0.04,0
1665019825,14287101,False,4530,105930.22,4.8,0.042,0
1665019836,14287102,False,425870,105930.22,451.13,0.042,2
1665019888,14287103,False,6021779,105930.22,6378.88,0.042,2
1665019909,14287104,False,1255460,105930.22,1329.91,0.042,2
1665019920,14287105,False,19800,105699.0,20.93,0.04,0
1665019932,14287106,False,382310,105699.0,404.1,0.04,2
1665019979,14287107,False,168018,105699.0,177.59,0.04,2
1665020018,14287108,False,690722,105699.0,730.09,0.04,2
1665020018,14287109,False,1052855,105699.0,1112.86,0.04,2
1665020027,14287110,True,14164,105897.506,15.0,0.042,0
1665020091,14287111,False,232620,105699.0,245.88,0.04,2
1665020094,14287112,True,10359,105897.238,10.97,0.042,0
1665020172,14287113,False,393000,105716.241,415.46,0.04,2
1665020172,14287114,False,60269,105715.897,63.71,0.04,0
1665020312,14287115,False,10000,105733.953,10.57,0.04,0
1665020511,14287116,True,3775,105931.667,4.0,0.042,0
1665020536,14287117,False,7994,105717.498,8.45,0.04,0
1665020607,14287118,False,11850,105712.614,12.53,0.04,0
1665020627,14287119,False,699723,105708.002,739.66,0.04,2
1665020632,14287120,True,7567,105720.0,8.0,0.04,0
1665020689,14287121,True,13859,105720.0,14.65,0.04,0
1665020689,14287122,True,319,105897.749,0.34,0.042,0
1665020726,14287123,False,356000,105709.248,376.32,0.04,2
1665020726,14287124,False,356000,105708.165,376.32,0.04,2
1665020726,14287125,False,404028,105705.401,427.08,0.04,2
1665020748,14287126,True,188821,105920.154,200.0,0.042,2
1665020826,14287127,False,130000,105730.427,137.45,0.04,2
1665020826,14287128,False,172020,105730.427,181.88,0.04,2
1665020830,14287129,True,9959,105931.421,10.55,0.042,0
1665020842,14287130,False,472000,105737.723,499.08,0.04,2
1665020885,14287131,True,472014,105928.872,500.0,0.042,2
1665020895,14287132,False,400000,105716.59,422.87,0.04,2
1665020895,14287133,False,1194000,105716.59,1262.26,0.04,2
1665020895,14287134,False,369000,105716.586,390.09,0.04,2
1665020895,14287135,False,841000,105716.553,889.08,0.04,2
1665020895,14287136,False,434250,105715.233,459.07,0.04,2
1665020933,14287137,True,20768,105928.872,22.0,0.042,0
1665020954,14287138,True,94402,105928.872,100.0,0.042,2
1665020965,14287139,True,18880,105928.872,20.0,0.042,0
1665020969,14287140,False,56640,105714.285,59.88,0.04,0
1665020969,14287141,False,90000,105714.285,95.14,0.04,0
1665021070,14287142,True,283208,105928.872,300.0,0.042,2
1665021084,14287143,True,389643,105928.872,412.74,0.042,2
1665021084,14287144,True,851389,105933.32,901.9,0.042,2
1665021127,14287145,True,327960,105933.32,347.42,0.042,2
1665021139,14287146,True,61655,105933.32,65.31,0.042,0
1665021139,14287147,True,332591,105989.529,352.51,0.042,2
1665021200,14287148,True,617191,105996.712,654.2,0.043,2
1665021208,14287149,True,2403,106000.0,2.55,0.043,0
1665021208,14287150,True,607905,106000.0,644.38,0.043,2
1665021219,14287151,True,605304,105998.594,641.61,0.043,2
1665021228,14287152,False,41388,105859.488,43.81,0.041,0
1665021233,14287153,True,2775237,106000.0,2941.75,0.043,2
1665021233,14287154,True,302,106019.0,0.32,0.043,0
1665021252,14287155,True,20698,106019.0,21.94,0.043,0
1665021252,14287156,True,31000,106020.0,32.87,0.043,0
1665021252,14287157,True,10000,106021.0,10.6,0.043,0
1665021252,14287158,True,25000,106025.0,26.51,0.043,0
1665021252,14287159,True,335354,106100.0,355.81,0.044,2
1665021290,14287160,True,371093,106019.0,393.43,0.043,2
1665021332,14287161,True,57887,106019.0,61.37,0.043,0
1665021343,14287162,True,703528,106100.0,746.44,0.044,2
1665021363,14287163,True,6596,106100.0,7.0,0.044,0
1665021363,14287164,True,35344,106100.0,37.5,0.044,0
1665021365,14287165,False,14760,106002.696,15.65,0.043,0
1665021379,14287166,True,4712,106100.0,5.0,0.044,0
1665021456,14287167,True,200000,106100.0,212.2,0.044,2
1665021469,14287168,True,2945268,106200.0,3127.87,0.045,2
1665021469,14287169,True,180451,106200.0,191.64,0.045,2
1665021507,14287170,True,101562,106200.0,107.86,0.045,2
1665021545,14287171,False,348000,106169.15,369.47,0.044,2
1665021545,14287172,False,334000,106167.405,354.6,0.044,2
1665021545,14287173,False,990110,106166.162,1051.16,0.044,2
1665021609,14287174,True,11911,106197.147,12.65,0.045,0
1665021611,14287175,False,9420,106121.646,10.0,0.044,0
1665021624,14287176,True,100022,106200.0,106.22,0.045,2
1665021630,14287177,True,19527,106200.0,20.74,0.045,0
1665021630,14287178,True,80000,106200.0,84.96,0.045,0
1665021630,14287179,True,12045187,106205.51,12792.65,0.045,2
1665021642,14287180,True,199448,106205.51,211.83,0.045,2
1665021642,14287181,True,1313622,106207.0,1395.16,0.045,2
1665021649,14287182,True,193378,106207.0,205.38,0.045,2
1665021649,14287183,True,29999,106213.69,31.86,0.045,0
1665021649,14287184,True,29999,106246.39,31.87,0.045,0
1665021649,14287185,True,24925,106250.0,26.48,0.045,0
1665021649,14287186,True,49850,106250.0,52.97,0.045,0
1665021649,14287187,True,800439,106250.0,850.47,0.045,2
1665021654,14287188,True,54597,106250.0,58.01,0.045,0
1665021678,14287189,True,198026,106250.0,210.4,0.045,2
1665021678,14287190,True,31110,106293.66,33.07,0.045,0
1665021678,14287191,True,593000,106298.213,630.35,0.046,2
1665021678,14287192,True,4600298,106300.0,4890.12,0.046,2
1665021685,14287193,True,8720523,106300.0,9269.92,0.046,2
1665021685,14287194,True,860315,106300.0,914.51,0.046,2
1665021711,14287195,True,660000,106297.087,701.56,0.046,2
1665021711,14287196,True,326294,106297.087,346.84,0.046,2
1665021717,14287197,True,6504776,106300.0,6914.58,0.046,2
1665021738,14287198,True,29161,106300.0,31.0,0.046,0
1665021753,14287199,True,159943,106300.0,170.02,0.046,2
1665021928,14287200,True,5000000,106300.0,5315.0,0.046,2
1665021933,14287201,True,10002528,106300.0,10632.69,0.046,2
1665021942,14287202,True,940733,106300.0,1000.0,0.046,2
1665021943,14287203,True,15005001,106300.0,15950.32,0.046,2
1665021952,14287204,True,15007502,106300.0,15952.97,0.046,2
1665021960,14287205,True,940,106300.0,1.0,0.046,0
1665021960,14287206,True,15007503,106300.0,15952.98,0.046,2
1665021973,14287207,True,14132005,106300.0,15022.32,0.046,2
1665021973,14287208,True,7503,106300.3,7.98,0.046,0
1665021975,14287209,True,331452,106300.3,352.33,0.046,2
1665021983,14287210,True,36990,106363.39,39.34,0.046,0
1665021983,14287211,True,476069,106373.52,506.41,0.046,2
1665021988,14287212,False,1190,106307.339,1.27,0.046,0
1665021991,14287213,True,29921,106373.52,31.83,0.046,0
1665021991,14287214,True,36990,106396.93,39.36,0.047,0
1665021991,14287215,True,2927045,106400.0,3114.38,0.047,2
1665021999,14287216,False,1169000,106310.933,1242.77,0.046,2
1665021999,14287217,False,708000,106310.812,752.68,0.046,2
1665021999,14287218,False,676370,106310.541,719.05,0.046,2
1665022030,14287219,True,11522,106400.0,12.26,0.047,0
1665022043,14287220,False,48278,106331.777,51.33,0.046,0
1665022099,14287221,False,29671,106361.004,31.56,0.046,0
1665022110,14287222,True,55133,106400.0,58.66,0.047,0
1665022110,14287223,True,55867,106459.63,59.48,0.047,0
1665022160,14287224,True,7133,106459.63,7.59,0.047,0
1665022160,14287225,True,86779,106484.144,92.41,0.047,0
1665022169,14287226,False,50000,106389.626,53.19,0.046,0
1665022213,14287227,True,93907,106487.81,100.0,0.047,2
1665022228,14287228,False,23480,106382.232,24.98,0.046,0
1665022272,14287229,False,10164,106384.05,10.81,0.046,0
1665022283,14287230,True,37685,106486.526,40.13,0.047,0
1665022288,14287231,True,164341,106485.431,175.0,0.047,2
1665022296,14287232,False,99734,106366.005,106.08,0.046,2
1665022313,14287233,False,46892,106366.005,49.88,0.046,0
1665022325,14287234,True,99685,106384.05,106.05,0.046,2
1665022325,14287235,True,176049,106384.05,187.29,0.046,2
1665022325,14287236,True,260868,106484.091,277.78,0.047,2
1665022365,14287237,False,30960,106366.0,32.93,0.046,0
1665022406,14287238,True,30718,106483.949,32.71,0.047,0
1665022445,14287239,False,2610,106300.0,2.77,0.046,0
1665022538,14287240,True,6047,106485.86,6.44,0.047,0
1665022542,14287241,True,1216000,106484.005,1294.85,0.047,2
1665022542,14287242,True,93660,106490.63,99.74,0.047,0
1665022542,14287243,True,444650,106491.525,473.51,0.047,2
1665022567,14287244,True,46955,106484.19,50.0,0.047,0
1665022724,14287245,True,1214000,106359.722,1291.21,0.046,2
1665022724,14287246,True,1396000,106360.412,1484.79,0.046,2
1665022724,14287247,True,1412000,106361.311,1501.82,0.046,2
1665022724,14287248,True,1961000,106361.999,2085.76,0.046,2
1665022724,14287249,True,1202000,106362.569,1278.48,0.046,2
1665022724,14287250,True,2045000,106363.425,2175.13,0.046,2
1665022724,14287251,True,620000,106363.437,659.45,0.046,2
1665022724,14287252,True,1940000,106364.105,2063.46,0.046,2
1665022724,14287253,True,575000,106365.021,611.6,0.046,2
1665022724,14287254,True,2066000,106365.621,2197.51,0.046,2
1665022724,14287255,True,4372202,106371.6,4650.78,0.046,2
1665022733,14287256,False,110216,106300.0,117.16,0.046,2
1665022733,14287257,False,50000,106250.0,53.12,0.045,0
1665022733,14287258,False,1120000,105999.009,1187.19,0.043,2
1665022733,14287259,False,1000784,105999.009,1060.82,0.043,2
1665022856,14287260,True,1070000,106286.637,1137.27,0.045,2
1665022856,14287261,True,200000,106300.0,212.6,0.046,2
1665022856,14287262,True,989000,106329.981,1051.6,0.046,2
1665022856,14287263,True,562897,106330.051,598.53,0.046,2
1665022937,14287264,True,28234,106323.465,30.02,0.046,0
1665022961,14287265,True,254107,106324.603,270.18,0.046,2
1665022991,14287266,True,235145,106317.2,250.0,0.046,2
1665023098,14287267,True,113536,106229.484,120.61,0.045,2
1665023211,14287268,True,1624000,106198.72,1724.67,0.045,2
1665023211,14287269,True,974000,106199.266,1034.38,0.045,2
1665023211,14287270,True,914000,106200.417,970.67,0.045,2
1665023211,14287271,True,392436,106200.692,416.77,0.045,2
1665023291,14287272,False,4408,105912.511,4.67,0.042,0
1665023461,14287273,False,950000,105915.711,1006.2,0.042,2
1665023472,14287274,False,447719,105906.617,474.16,0.042,2
1665023486,14287275,True,690000,106171.622,732.58,0.044,2
1665023486,14287276,True,158824,106171.66,168.63,0.044,2
1665023486,14287277,True,1015255,106173.238,1077.93,0.044,2
1665023577,14287278,True,250000,106172.197,265.43,0.044,2
1665023577,14287279,True,884000,106187.062,938.69,0.044,2
1665023577,14287280,True,846000,106187.459,898.35,0.044,2
1665023577,14287281,True,1316086,106188.288,1397.53,0.044,2
1665023652,14287282,True,9416,106200.69,10.0,0.045,0
1665023681,14287283,False,24350,105986.54,25.81,0.042,0
1665023704,14287284,False,1086000,105997.445,1151.13,0.043,2
1665023704,14287285,False,750000,105997.127,794.98,0.043,2
1665023704,14287286,False,1303000,105997.127,1381.14,0.043,2
1665023704,14287287,False,770000,105996.978,816.18,0.043,2
1665023704,14287288,False,1018999,105996.978,1080.11,0.043,2
1665023704,14287289,False,1276000,105996.259,1352.51,0.043,2
1665023704,14287290,False,6337897,105995.849,6717.91,0.043,2
1665023704,14287291,False,5000000,105995.847,5299.79,0.043,2
1665023704,14287292,False,1209000,105995.778,1281.49,0.043,2
1665023704,14287293,False,509000,105995.626,539.52,0.043,2
1665023704,14287294,False,1041000,105995.586,1103.41,0.043,2
1665023704,14287295,False,1175103,105995.181,1245.55,0.043,2
1665023724,14287296,False,628773,106005.756,666.54,0.043,2
1665023828,14287297,False,211960,105991.217,224.66,0.043,2
1665023865,14287298,True,45722,106184.61,48.55,0.044,0
1665023884,14287299,True,47087,106184.568,50.0,0.044,0
1665023887,14287300,True,23543,106184.568,25.0,0.044,0
1665023895,14287301,False,4600,105915.107,4.87,0.042,0
1665023972,14287302,False,2920,105908.481,3.09,0.042,0
1665024069,14287303,False,26270,105935.097,27.83,0.042,0
1665024088,14287304,True,18839,106162.276,20.0,0.044,0
1665024271,14287305,True,10361,106166.566,11.0,0.044,0
1665024309,14287306,False,8740,105915.651,9.26,0.042,0
1665024364,14287307,True,470957,106166.566,500.0,0.044,2
1665024394,14287308,False,1042000,105967.672,1104.18,0.042,2
1665024394,14287309,False,740000,105966.856,784.15,0.042,2
1665024394,14287310,False,877310,105966.856,929.66,0.042,2
1665024421,14287311,True,574305,106166.565,609.72,0.044,2
1665024480,14287312,True,98339,106171.22,104.41,0.044,2
1665024480,14287313,True,473929,106171.22,503.18,0.044,2
1665024480,14287314,True,369551,106187.194,392.42,0.044,2
1665024730,14287315,True,10847,106197.348,11.52,0.045,0
1665024762,14287316,True,376690,106190.574,400.01,0.044,2
1665024801,14287317,True,70627,106190.564,75.0,0.044,0
1665024929,14287318,False,1014000,106058.283,1075.43,0.043,2
1665024929,14287319,False,780000,106057.845,827.25,0.043,2
1665024929,14287320,False,449999,106057.845,477.26,0.043,2
1665024929,14287321,False,1082000,106057.022,1147.54,0.043,2
1665024929,14287322,False,432000,106056.54,458.16,0.043,2
1665024929,14287323,False,1059000,106056.233,1123.14,0.043,2
1665024929,14287324,False,1471000,106055.725,1560.08,0.043,2
1665024929,14287325,False,844999,106055.224,896.17,0.043,2
1665024929,14287326,False,882000,106054.775,935.4,0.043,2
1665024929,14287327,False,1408000,106054.011,1493.24,0.043,2
1665024929,14287328,False,1177310,106053.745,1248.58,0.043,2
1665024974,14287329,True,15793,106184.734,16.77,0.044,0
1665024993,14287330,False,490747,106061.918,520.5,0.043,2
1665024996,14287331,False,689231,106061.918,731.01,0.043,2
1665024996,14287332,False,1254000,106061.918,1330.02,0.043,2
1665024996,14287333,False,698000,106053.077,740.25,0.043,2
1665024996,14287334,False,893000,106053.028,947.05,0.043,2
1665024996,14287335,False,902000,106053.009,956.6,0.043,2
1665024996,14287336,False,1189000,106052.418,1260.96,0.043,2
1665024996,14287337,False,856000,106051.833,907.8,0.043,2
1665024996,14287338,False,368000,106051.677,390.27,0.043,2
1665024996,14287339,False,721000,106051.262,764.63,0.043,2
1665024996,14287340,False,435269,106051.148,461.61,0.043,2
1665025173,14287341,True,423764,106191.156,450.0,0.044,2
1665025469,14287342,True,26558,106191.156,28.2,0.044,0
1665025475,14287343,True,46736,106191.156,49.63,0.044,0
1665025507,14287344,False,12400,105916.453,13.13,0.042,0
1665025559,14287345,False,630000,105914.057,667.26,0.042,2
1665025559,14287346,False,5093528,105914.057,5394.76,0.042,2
1665025559,14287347,False,395592,105914.0,418.99,0.042,2
1665025652,14287348,True,7734,106150.713,8.21,0.044,0
1665025718,14287349,False,950000,105900.0,1006.05,0.042,2
1665025915,14287350,True,310903,106142.127,330.0,0.044,2
1665025961,14287351,False,166890,105900.0,176.74,0.042,2
1665026075,14287352,True,23554,106136.779,25.0,0.044,0
1665026095,14287353,False,48432,105915.214,51.3,0.042,0
1665026103,14287354,False,7050,105917.434,7.47,0.042,0
1665026375,14287355,False,6590,105989.0,6.98,0.042,0
1665026468,14287356,True,29428,106189.207,31.25,0.044,0
1665026572,14287357,True,19280,106171.12,20.47,0.044,0
1665026662,14287358,False,345010,105900.0,365.37,0.042,2
1665026777,14287359,False,26360,105918.584,27.92,0.042,0
1665026805,14287360,True,3956,106143.633,4.2,0.044,0
1665026847,14287361,False,13449,105941.54,14.25,0.042,0
1665026973,14287362,False,63139,106001.325,66.93,0.043,0
1665026974,14287363,False,94340,106001.325,100.0,0.043,2
1665027140,14287364,True,15999,106189.84,16.99,0.044,0
1665027142,14287365,True,941,106188.489,1.0,0.044,0
1665027183,14287366,True,22365,106188.489,23.75,0.044,0
1665027332,14287367,True,47083,106195.245,50.0,0.045,0
1665027334,14287368,False,130000,106046.0,137.86,0.043,2
1665027334,14287369,False,63550,106046.0,67.39,0.043,0
1665027337,14287370,False,19020,106046.01,20.17,0.043,0
1665027558,14287371,True,655503,106195.244,696.11,0.045,2
1665027558,14287372,True,28,106200.0,0.03,0.045,0
1665027569,14287373,True,199972,106200.0,212.37,0.045,2
1665027569,14287374,True,1383749,106200.69,1469.55,0.045,2
1665027701,14287375,False,17249,106077.835,18.3,0.043,0
1665027860,14287376,False,833990,106164.034,885.4,0.044,2
1665028184,14287377,False,19792,106036.0,20.99,0.043,0
1665028200,14287378,False,27932,106036.969,29.62,0.043,0
1665028209,14287379,False,21429,106036.0,22.72,0.043,0
1665028341,14287380,False,318000,106028.536,337.17,0.043,2
1665028352,14287381,False,1868,106019.0,1.98,0.043,0
1665028485,14287382,False,13475,106011.7,14.29,0.043,0
1665028564,14287383,False,93611,106015.039,99.24,0.043,0
1665028574,14287384,True,903877,106022.25,958.31,0.043,2
1665028644,14287385,False,555597,106067.799,589.31,0.043,2
1665028747,14287386,True,9425,106200.69,10.01,0.045,0
1665028850,14287387,False,669350,106104.149,710.21,0.044,2
1665028850,14287388,False,589000,106104.149,624.95,0.044,2
1665028850,14287389,False,320806,106103.623,340.39,0.044,2
1665028903,14287390,False,7265,106038.211,7.7,0.043,0
1665029372,14287391,True,688799,106200.69,731.51,0.045,2
1665029435,14287392,True,198703,106200.69,211.02,0.045,2
1665029435,14287393,True,942,106200.69,1.0,0.045,0
1665029474,14287394,True,10000,106400.0,10.64,0.047,0
1665029474,14287395,True,34221,106483.623,36.44,0.047,0
1665029523,14287396,True,939,106483.623,1.0,0.047,0
1665029565,14287397,False,284000,106281.576,301.84,0.045,2
1665029565,14287398,False,3880794,106279.915,4124.5,0.045,2
1665029565,14287399,False,80021,106279.913,85.05,0.045,0
1665029738,14287400,False,82090,106303.012,87.26,0.046,0
1665029796,14287401,True,74169,106485.278,78.98,0.047,0
1665029895,14287402,True,365031,106484.071,388.7,0.047,2
1665029929,14287403,True,4695,106483.91,5.0,0.047,0
1665030104,14287404,True,65737,106483.584,70.0,0.047,0
1665030195,14287405,False,6097,106344.356,6.48,0.046,0
1665030383,14287406,True,103302,106483.354,110.0,0.047,2
1665030900,14287407,True,959999,106472.566,1022.14,0.047,2
1665030900,14287408,True,495127,106486.37,527.24,0.047,2
1665031317,14287409,False,68530,106310.0,72.85,0.046,0
1665031371,14287410,False,14180,106234.517,15.06,0.045,0
1665031378,14287411,False,283588,106237.043,301.28,0.045,2
1665031418,14287412,False,10807,106250.41,11.48,0.045,0
1665031456,14287413,True,67944,106483.522,72.35,0.047,0
1665031511,14287414,False,100000,106227.003,106.23,0.045,2
1665031666,14287415,True,93911,106483.521,100.0,0.047,2
1665031796,14287416,False,67474,106227.057,71.68,0.045,0
1665032289,14287417,True,46671,106457.48,49.68,0.047,0
1665032350,14287418,True,990000,106441.446,1053.77,0.047,2
1665032350,14287419,True,68496,106441.446,72.91,0.047,0
1665032350,14287420,True,1246000,106442.972,1326.28,0.047,2
1665032350,14287421,True,623000,106445.434,663.16,0.047,2
1665032350,14287422,True,2262000,106445.668,2407.8,0.047,2
1665032350,14287423,True,2216000,106446.029,2358.84,0.047,2
1665032350,14287424,True,1545000,106446.47,1644.6,0.047,2
1665032350,14287425,True,651000,106446.952,692.97,0.047,2
1665032350,14287426,True,1629000,106447.555,1734.03,0.047,2
1665032350,14287427,True,1246000,106447.832,1326.34,0.047,2
1665032350,14287428,True,10937901,106457.48,11644.21,0.047,2
1665032480,14287429,True,23498,106391.51,25.0,0.046,0
1665032595,14287430,True,14880,106450.018,15.84,0.047,0
1665032775,14287431,False,898206,106132.446,953.29,0.044,2
1665032894,14287432,False,2096,106000.0,2.22,0.043,0
1665032972,14287433,True,4149,106047.492,4.4,0.043,0
1665032975,14287434,False,2330850,106000.0,2470.7,0.043,2
1665032981,14287435,False,1669150,106000.0,1769.3,0.043,2
1665032985,14287436,False,704990,105900.0,746.58,0.042,2
1665033184,14287437,False,26290,105730.141,27.8,0.04,0
1665033231,14287438,False,765000,105745.167,808.95,0.04,2
1665033231,14287439,False,1050000,105744.106,1110.31,0.04,2
1665033231,14287440,False,748000,105744.063,790.97,0.04,2
1665033231,14287441,False,789000,105742.864,834.31,0.04,2
1665033231,14287442,False,648000,105732.685,685.15,0.04,2
1665033257,14287443,False,23190,105744.942,24.52,0.04,0
1665033444,14287444,True,47214,105900.0,50.0,0.042,0
1665034349,14287445,True,1909664,105900.0,2022.33,0.042,2
1665034395,14287446,True,21506,105900.99,22.78,0.042,0
1665034573,14287447,False,2840,106093.486,3.01,0.044,0
1665034612,14287448,False,410000,106092.002,434.98,0.044,2
1665034612,14287449,False,481760,106092.002,511.11,0.044,2
1665034664,14287450,True,1307,106319.687,1.39,0.046,0
1665034886,14287451,False,689708,106010.288,731.16,0.043,2
1665034886,14287452,False,344000,106007.56,364.67,0.043,2
1665034886,14287453,False,843000,106006.461,893.63,0.043,2
1665034886,14287454,False,720022,106006.123,763.27,0.043,2
1665034887,14287455,True,18396,106321.786,19.56,0.046,0
1665035017,14287456,True,94117,106250.088,100.0,0.045,2
1665035398,14287457,False,196247,105849.0,207.73,0.041,2
1665035402,14287458,True,188391,106161.993,200.0,0.044,2
1665035454,14287459,True,87017,106161.953,92.38,0.044,0
1665036589,14287460,True,554000,105916.819,586.78,0.042,2
1665036801,14287461,True,947,105897.24,1.0,0.042,0
1665036964,14287462,True,2833,105880.65,3.0,0.041,0
1665036981,14287463,True,2834,105880.62,3.0,0.041,0
1665037186,14287464,False,695000,105745.194,734.93,0.04,2
1665037186,14287465,False,95000,105743.372,100.46,0.04,2
1665037348,14287466,False,505057,105743.372,534.06,0.04,2
1665037366,14287467,False,87943,105743.372,92.99,0.04,0
1665037366,14287468,False,157310,105743.354,166.34,0.04,2
1665037493,14287469,False,641690,105743.354,678.54,0.04,2
1665037493,14287470,False,560028,105743.208,592.19,0.04,2
1665037499,14287471,False,127972,105743.208,135.32,0.04,2
1665037499,14287472,False,510438,105743.081,539.75,0.04,2
1665037683,14287473,False,660562,105743.081,698.5,0.04,2
1665037708,14287474,False,159872,105742.592,169.05,0.04,2
1665037720,14287475,False,169128,105742.592,178.84,0.04,2
1665037720,14287476,False,825000,105742.182,872.37,0.04,2
1665037720,14287477,False,5900,105741.725,6.24,0.04,0
1665037805,14287478,False,645100,105741.725,682.14,0.04,2
1665037805,14287479,False,195000,105727.927,206.17,0.04,2
1665037833,14287480,False,1233000,105727.927,1303.63,0.04,2
1665037839,14287481,False,767000,105714.706,810.83,0.04,2
1665038448,14287482,True,16793,105757.43,17.76,0.04,0
1665038623,14287483,True,3783,105714.72,4.0,0.04,0
1665038692,14287484,True,283703,105744.05,300.0,0.04,2
1665039390,14287485,False,754000,105714.706,797.09,0.04,2
1665039407,14287486,False,1158000,105714.199,1224.17,0.04,2
1665039415,14287487,False,843000,105713.686,891.17,0.04,2
1665039432,14287488,False,1488338,105713.558,1573.38,0.04,2
1665039439,14287489,False,1662,105713.558,1.76,0.04,0
1665039439,14287490,False,600000,105712.61,634.28,0.04,2
1665039450,14287491,False,630000,105699.0,665.9,0.04,2
1665039450,14287492,False,4813876,105699.0,5088.22,0.04,2
1665039459,14287493,False,630000,105699.0,665.9,0.04,2
1665039515,14287494,False,7598,105550.0,8.02,0.038,0
1665039916,14287495,False,26160,105207.184,27.52,0.035,0
1665039917,14287496,False,93840,105207.184,98.73,0.035,0
1665039917,14287497,False,906160,105207.184,953.35,0.035,2
1665039928,14287498,False,1000000,105207.196,1052.07,0.035,2
1665040816,14287499,True,16328,105705.645,17.26,0.04,0
1665042269,14287500,True,24529,105588.902,25.9,0.039,0
1665042343,14287501,False,6998680,105588.9,7389.83,0.039,2
1665043630,14287502,False,244000,105417.883,257.22,0.037,2
1665043630,14287503,False,1524500,105416.843,1607.08,0.037,2
1665043979,14287504,True,23686,105544.11,25.0,0.038,0
1665044440,14287505,True,47386,105515.371,50.0,0.038,0
1665044522,14287506,True,78196,105451.873,82.46,0.037,0
1665044548,14287507,False,921,105304.01,0.97,0.036,0
1665045128,14287508,False,16090,105207.0,16.93,0.035,0
1665045132,14287509,False,2283910,105207.0,2402.83,0.035,2
1665045144,14287510,True,4752,105204.531,5.0,0.035,0
1665045632,14287511,False,203661,105204.53,214.26,0.035,2
1665045742,14287512,True,1168,105304.01,1.23,0.036,0
1665046110,14287513,True,261214,105287.035,275.02,0.036,2
1665046110,14287514,True,1744000,105292.478,1836.3,0.036,2
1665046110,14287515,True,2348000,105294.289,2472.31,0.036,2
1665046110,14287516,True,2348000,105294.313,2472.31,0.036,2
1665046110,14287517,True,1708000,105294.357,1798.43,0.036,2
1665046110,14287518,True,719000,105296.509,757.08,0.036,2
1665046110,14287519,True,369000,105296.566,388.54,0.036,2
1665046408,14287520,True,13495,105217.331,14.2,0.035,0
1665046505,14287521,False,100000,105204.53,105.2,0.035,2
1665046505,14287522,False,944594,105204.53,993.76,0.035,2
1665046599,14287523,False,1177027,105204.53,1238.29,0.035,2
1665046606,14287524,True,161575,105214.296,170.0,0.035,2
1665046620,14287525,False,10387,105204.53,10.93,0.035,0
1665046620,14287526,False,55295,105000.0,58.06,0.033,0
1665046959,14287527,False,97816,105000.0,102.71,0.033,2
1665047070,14287528,False,202184,105000.0,212.29,0.033,2
1665047070,14287529,False,2712295,105000.0,2847.91,0.033,2
1665047070,14287530,False,2002311,104982.0,2102.07,0.033,2
1665047267,14287531,True,16874,105304.01,17.77,0.036,0
1665047553,14287532,True,3770,105304.009,3.97,0.036,0
1665047646,14287533,True,6590,105304.008,6.94,0.036,0
1665047719,14287534,False,380800,105030.0,399.95,0.033,2
1665047769,14287535,False,17650,104999.0,18.53,0.033,0
1665047864,14287536,True,616000,105026.909,646.97,0.033,2
1665047864,14287537,True,629000,105028.252,660.63,0.033,2
1665047864,14287538,True,2019563,105030.0,2121.15,0.033,2
1665047923,14287539,True,38394,105030.0,40.33,0.033,0
1665047923,14287540,True,152027,105030.0,159.67,0.033,2
1665047936,14287541,False,800000,105001.015,840.01,0.033,2
1665047936,14287542,False,775000,105000.967,813.76,0.033,2
1665047936,14287543,False,329000,105000.797,345.45,0.033,2
1665047936,14287544,False,652000,104999.826,684.6,0.033,2
1665047936,14287545,False,2498625,104999.758,2623.55,0.033,2
1665047966,14287546,True,5000631,105030.0,5252.16,0.033,2
1665048059,14287547,True,2858815,105030.0,3002.61,0.033,2
1665048469,14287548,False,37253,105037.085,39.13,0.033,0
1665048657,14287549,True,690000,105304.01,726.6,0.036,2
1665048657,14287550,True,110279,105304.01,116.13,0.036,2
1665048657,14287551,True,626000,105347.777,659.48,0.036,2
1665048657,14287552,True,2044000,105348.827,2153.33,0.036,2
1665048657,14287553,True,1585000,105349.417,1669.79,0.036,2
1665048657,14287554,True,2112000,105350.114,2224.99,0.036,2
1665048657,14287555,True,2021999,105350.801,2130.19,0.036,2
1665048657,14287556,True,1253000,105351.457,1320.05,0.036,2
1665048657,14287557,True,2044000,105352.113,2153.4,0.036,2
1665048657,14287558,True,1240000,105352.627,1306.37,0.036,2
1665048657,14287559,True,1240000,105353.388,1306.38,0.036,2
1665048657,14287560,True,1553000,105353.595,1636.14,0.036,2
1665048657,14287561,True,1226000,105353.685,1291.64,0.036,2
1665048657,14287562,True,1239134,105361.29,1305.57,0.036,2
1665049006,14287563,False,33770,105095.291,35.49,0.034,0
1665049124,14287564,True,47464,105340.989,50.0,0.036,0
1665049131,14287565,True,972536,105340.989,1024.48,0.036,2
1665049131,14287566,True,831027,105396.208,875.87,0.037,2
1665049135,14287567,False,147811,105138.481,155.41,0.034,2
1665049209,14287568,True,9488,105394.207,10.0,0.037,0
1665049384,14287569,False,720000,105176.295,757.27,0.034,2
1665049384,14287570,False,439000,105176.295,461.72,0.034,2
1665049384,14287571,False,425000,105174.734,446.99,0.034,2
1665049384,14287572,False,851000,105174.206,895.03,0.034,2
1665049384,14287573,False,878999,105172.902,924.47,0.034,2
1665049384,14287574,False,674350,105171.302,709.22,0.034,2
1665049836,14287575,True,94911,105361.449,100.0,0.036,2
1665050063,14287576,True,94970,105295.785,100.0,0.036,2
1665050077,14287577,True,94970,105295.785,100.0,0.036,2
1665050125,14287578,True,624231,105295.836,657.29,0.036,2
1665050250,14287579,True,2749,105100.67,2.89,0.034,0
1665050272,14287580,False,16283,105030.0,17.1,0.033,0
1665050302,14287581,False,4740,105030.0,4.98,0.033,0
1665050319,14287582,True,47580,105084.368,50.0,0.034,0
1665050352,14287583,False,46988,105030.0,49.35,0.033,0
1665050368,14287584,True,3159,105074.404,3.32,0.033,0
1665050426,14287585,True,95171,105073.699,100.0,0.033,2
1665050466,14287586,False,428951,105030.0,450.53,0.033,2
1665050510,14287587,False,153420,105030.0,161.14,0.033,2
1665050626,14287588,False,100550,105030.0,105.61,0.033,2
1665050640,14287589,True,1053000,105097.651,1106.68,0.034,2
1665050640,14287590,True,1053000,105097.727,1106.68,0.034,2
1665050640,14287591,True,2163000,105098.185,2273.27,0.034,2
1665050640,14287592,True,1701000,105098.412,1787.72,0.034,2
1665050640,14287593,True,2140000,105098.977,2249.12,0.034,2
1665050640,14287594,True,1238000,105099.682,1301.13,0.034,2
1665050640,14287595,True,2304000,105099.855,2421.5,0.034,2
1665050640,14287596,True,1251000,105100.927,1314.81,0.034,2
1665050640,14287597,True,504000,105101.334,529.71,0.034,2
1665050640,14287598,True,1701000,105102.248,1787.79,0.034,2
1665050640,14287599,True,1756000,105103.272,1845.61,0.034,2
1665050640,14287600,True,5019818,105104.33,5276.05,0.034,2
1665050709,14287601,True,266664,105120.68,280.32,0.034,2
1665050872,14287602,True,47547,105156.95,50.0,0.034,0
1665050912,14287603,False,10000,105030.0,10.5,0.033,0
1665050960,14287604,True,47561,105127.771,50.0,0.034,0
1665050968,14287605,False,921989,105030.0,968.37,0.033,2
1665050968,14287606,False,190421,105030.0,200.0,0.033,2
1665050968,14287607,False,1017171,105000.0,1068.03,0.033,2
1665050994,14287608,False,264242,105000.0,277.45,0.033,2
1665051090,14287609,False,36439,105000.0,38.26,0.033,0
1665051111,14287610,True,1333000,105140.623,1401.52,0.034,2
1665051111,14287611,True,569211,105141.166,598.48,0.034,2
1665051141,14287612,True,19023,105132.498,20.0,0.034,0
1665051152,14287613,False,853561,105000.0,896.24,0.033,2
1665051152,14287614,False,587069,105000.0,616.42,0.033,2
1665051193,14287615,True,223152,105125.281,234.59,0.034,2
1665051197,14287616,False,830000,105000.0,871.5,0.033,2
1665051197,14287617,False,409674,105000.0,430.16,0.033,2
1665051254,14287618,True,9755,105186.577,10.26,0.035,0
1665051284,14287619,True,131426,105169.222,138.22,0.034,2
1665051424,14287620,True,57814,105164.278,60.8,0.034,0
1665051468,14287621,False,360000,105000.0,378.0,0.033,2
1665051468,14287622,False,33706,105000.0,35.39,0.033,0
1665051468,14287623,False,15951,105000.0,16.75,0.033,0
1665051468,14287624,False,43571,105000.0,45.75,0.033,0
1665051468,14287625,False,958761,104961.227,1006.33,0.032,2
1665051687,14287626,True,9510,105147.852,10.0,0.034,0
1665051755,14287627,True,91775,105147.852,96.5,0.034,0
1665051773,14287628,True,475520,105147.852,500.0,0.034,2
1665051974,14287629,False,150743,104971.453,158.24,0.032,2
1665052018,14287630,True,729000,105076.858,766.01,0.034,2
1665052018,14287631,True,222683,105077.253,233.99,0.034,2
1665052049,14287632,False,264798,104974.739,277.97,0.033,2
1665052080,14287633,False,29799,104957.42,31.28,0.032,0
1665052082,14287634,False,29820,104957.42,31.3,0.032,0
1665052131,14287635,True,23401,105121.818,24.6,0.034,0
1665052524,14287636,True,66691,105246.248,70.19,0.035,0
1665052566,14287637,False,109240,105009.934,114.71,0.033,2
1665052568,14287638,False,153730,105011.108,161.43,0.033,2
1665052569,14287639,False,950,105011.108,1.0,0.033,0
1665052607,14287640,True,95147,105100.0,100.0,0.034,2
1665052668,14287641,True,49847,105100.0,52.39,0.034,0
1665052673,14287642,False,713610,104982.228,749.16,0.033,2
1665052785,14287643,False,38090,104976.201,39.99,0.033,0
1665052820,14287644,True,76117,105100.0,80.0,0.034,0
1665052858,14287645,False,475740,105009.085,499.57,0.033,2
1665052883,14287646,False,388430,104976.696,407.76,0.033,2
1665052894,14287647,True,14271,105100.0,15.0,0.034,0
1665052922,14287648,True,639611,105100.0,672.23,0.034,2
1665052922,14287649,True,1227259,105100.0,1289.85,0.034,2
1665052922,14287650,True,700845,105289.954,737.92,0.036,2
1665053108,14287651,False,500000,105049.232,525.25,0.033,2
1665053149,14287652,False,328363,105048.373,344.94,0.033,2
1665053369,14287653,False,15150,105044.467,15.91,0.033,0
1665053394,14287654,False,1148000,105055.511,1206.04,0.033,2
1665053394,14287655,False,1363000,105054.901,1431.9,0.033,2
1665053394,14287656,False,1335000,105053.969,1402.47,0.033,2
1665053394,14287657,False,1054000,105053.675,1107.27,0.033,2
1665053614,14287658,True,639000,105053.67,671.29,0.033,2
1665053741,14287659,False,360000,105015.96,378.06,0.033,2
1665053741,14287660,False,1035000,105015.96,1086.92,0.033,2
1665053741,14287661,False,1269000,105015.468,1332.65,0.033,2
1665053741,14287662,False,1203000,105015.058,1263.33,0.033,2
1665053741,14287663,False,495000,105014.817,519.82,0.033,2
1665053741,14287664,False,1282000,105014.066,1346.28,0.033,2
1665053741,14287665,False,1013000,105013.989,1063.79,0.033,2
1665053741,14287666,False,539000,105013.771,566.02,0.033,2
1665053741,14287667,False,504250,105000.0,529.46,0.033,2
1665053912,14287668,True,475429,105168.102,500.0,0.034,2
1665054259,14287669,False,889000,105135.016,934.65,0.034,2
1665054259,14287670,False,469000,105134.963,493.08,0.034,2
1665054259,14287671,False,1114000,105134.217,1171.2,0.034,2
1665054259,14287672,False,5000000,105133.176,5256.66,0.034,2
1665054259,14287673,False,889000,105131.206,934.62,0.034,2
1665054259,14287674,False,1481000,105043.841,1555.7,0.033,2
1665054259,14287675,False,1842870,105043.445,1935.81,0.033,2
1665054259,14287676,False,430000,105043.445,451.69,0.033,2
1665054259,14287677,False,1498000,105043.445,1573.55,0.033,2
1665054259,14287678,False,1612999,105042.264,1694.33,0.033,2
1665054259,14287679,False,3433535,105042.129,3606.66,0.033,2
1665054259,14287680,False,277804,105034.22,291.79,0.033,2
1665054259,14287681,False,1149000,105032.565,1206.82,0.033,2
1665054259,14287682,False,736181,105032.353,773.23,0.033,2
1665054434,14287683,True,189007,105171.33,198.78,0.034,2
1665054574,14287684,True,2776,105171.33,2.92,0.034,0
1665054578,14287685,False,228200,105112.31,239.87,0.034,2
1665054599,14287686,True,239406,105171.32,251.79,0.034,2
1665054617,14287687,True,41950,105171.32,44.12,0.034,0
1665054627,14287688,False,14260,105059.567,14.98,0.033,0
1665054820,14287689,False,121790,105046.531,127.94,0.033,2
1665054821,14287690,False,38580,105047.33,40.53,0.033,0
1665054994,14287691,True,189144,105171.32,198.93,0.034,2
1665055000,14287692,False,76450,105043.697,80.31,0.033,0
1665055061,14287693,False,11867,105058.691,12.47,0.033,0
1665055092,14287694,True,11862,105171.32,12.48,0.034,0
1665055092,14287695,True,557421,105171.32,586.25,0.034,2
1665055175,14287696,False,47387,105105.507,49.81,0.034,0
1665055208,14287697,False,759000,105043.789,797.28,0.033,2
1665055208,14287698,False,599750,105042.674,629.99,0.033,2
1665055322,14287699,True,1169,105105.9,1.23,0.034,0
1665055322,14287700,True,232579,105171.32,244.61,0.034,2
1665055322,14287701,True,309356,105171.32,325.35,0.034,2
1665055322,14287702,True,186864,105171.33,196.53,0.034,2
1665055322,14287703,True,1808000,105293.505,1903.71,0.036,2
1665055322,14287704,True,719749,105294.614,757.86,0.036,2
1665055385,14287705,True,949,105292.915,1.0,0.036,0
1665055409,14287706,False,1870,105060.167,1.96,0.033,0
1665055517,14287707,True,12862,105264.856,13.54,0.035,0
1665055584,14287708,False,1230000,105046.893,1292.08,0.033,2
1665055584,14287709,False,817342,105046.893,858.59,0.033,2
1665055590,14287710,False,14009,105048.521,14.72,0.033,0
1665055640,14287711,True,71211,105263.328,74.96,0.035,0
1665055657,14287712,False,764000,105016.043,802.32,0.033,2
1665055657,14287713,False,898000,105015.347,943.04,0.033,2
1665055657,14287714,False,756000,105014.611,793.91,0.033,2
1665055657,14287715,False,773000,105014.578,811.76,0.033,2
1665055657,14287716,False,937000,105014.213,983.98,0.033,2
1665055657,14287717,False,370000,105001.488,388.51,0.033,2
1665055657,14287718,False,916999,105001.411,962.86,0.033,2
1665055657,14287719,False,585000,105000.0,614.25,0.033,2
1665055676,14287720,False,18580,105009.93,19.51,0.033,0
1665055708,14287721,False,358000,105017.581,375.96,0.033,2
1665055708,14287722,False,5000000,105016.312,5250.82,0.033,2
1665055708,14287723,False,343000,105016.302,360.21,0.033,2
1665055708,14287724,False,702000,105002.979,737.12,0.033,2
1665055708,14287725,False,3910750,105000.0,4106.29,0.033,2
1665055708,14287726,False,783215,104978.562,822.21,0.033,2
1665055708,14287727,False,511282,104957.42,536.63,0.032,2
1665055708,14287728,False,790000,104910.589,828.79,0.032,2
1665055708,14287729,False,1511862,104909.0,1586.08,0.032,2
1665055708,14287730,False,187734,104900.0,196.93,0.032,2
1665055708,14287731,False,95657,104900.0,100.34,0.032,2
1665055708,14287732,False,1195000,104527.757,1249.11,0.028,2
1665055708,14287733,False,1458000,104526.62,1524.0,0.028,2
1665055708,14287734,False,1195000,104526.089,1249.09,0.028,2
1665055708,14287735,False,1489000,104525.521,1556.39,0.028,2
1665055708,14287736,False,1122000,104524.664,1172.77,0.028,2
1665055708,14287737,False,3853332,104524.605,4027.68,0.028,2
1665055708,14287738,False,2768226,104524.605,2893.48,0.028,2
1665055708,14287739,False,21905151,104524.603,22896.27,0.028,1
1665055770,14287740,False,435737,104851.648,456.88,0.031,2
1665055798,14287741,True,700092,105160.925,736.22,0.034,2
1665055818,14287742,True,1236313,105151.343,1300.0,0.034,2
1665055909,14287743,True,19017,105165.36,20.0,0.034,0
1665055925,14287744,True,23773,105159.412,25.0,0.034,0
1665056005,14287745,False,190190,105010.156,199.72,0.033,2
1665056070,14287746,True,2224000,105247.423,2340.7,0.035,2
1665056070,14287747,True,47028,105247.576,49.5,0.035,0
1665056097,14287748,False,477930,105097.531,502.29,0.034,2
1665056125,14287749,False,33430,105080.726,35.13,0.034,0
1665056138,14287750,False,317000,105087.529,333.13,0.034,2
1665056138,14287751,False,553280,105085.377,581.42,0.034,2
1665056152,14287752,True,1120000,105246.553,1178.76,0.035,2
1665056152,14287753,True,28,105262.24,0.03,0.035,0
1665056177,14287754,True,95609,105261.402,100.64,0.035,2
1665056186,14287755,True,13300,105260.144,14.0,0.035,0
1665056194,14287756,True,1256000,105256.512,1322.02,0.035,2
1665056194,14287757,True,849551,105257.117,894.21,0.035,2
1665056201,14287758,True,618000,105255.072,650.48,0.035,2
1665056201,14287759,True,40061,105255.778,42.17,0.035,0
1665056209,14287760,True,633000,105260.49,666.3,0.035,2
1665056209,14287761,True,13329,105261.994,14.03,0.035,0
1665056220,14287762,True,15000322,105263.32,15789.84,0.035,2
1665056229,14287763,True,9648511,105263.32,10156.34,0.035,2
1665056272,14287764,True,1080000,105357.123,1137.86,0.036,2
1665056272,14287765,True,52603,105361.44,55.42,0.036,0
1665056295,14287766,False,764917,105287.911,805.37,0.036,2
1665056296,14287767,True,20000,105500.0,21.1,0.038,0
1665056296,14287768,True,74783,105503.885,78.9,0.038,0
1665056308,14287769,True,114615,105509.627,120.93,0.038,2
1665056332,14287770,True,142167,105508.984,150.0,0.038,2
1665056341,14287771,True,410083,105508.984,432.67,0.038,2
1665056441,14287772,False,316000,105379.41,333.0,0.036,2
1665056441,14287773,False,267138,105376.456,281.5,0.036,2
1665056441,14287774,False,11657,105354.469,12.28,0.036,0
1665056492,14287775,True,187750,105508.984,198.09,0.038,2
1665056492,14287776,True,449999,105609.362,475.24,0.039,2
1665056492,14287777,True,1258000,105624.18,1328.75,0.039,2
1665056492,14287778,True,1192000,105624.716,1259.05,0.039,2
1665056492,14287779,True,1447000,105624.853,1528.39,0.039,2
1665056492,14287780,True,2053000,105625.17,2168.48,0.039,2
1665056492,14287781,True,2009000,105625.228,2122.01,0.039,2
1665056492,14287782,True,602000,105625.499,635.87,0.039,2
1665056492,14287783,True,268979,105626.366,284.11,0.039,2
1665056541,14287784,True,473103,105685.18,500.0,0.04,2
1665056623,14287785,False,14449,105418.798,15.23,0.037,0
1665056687,14287786,True,16313,105668.237,17.24,0.039,0
1665056687,14287787,True,456863,105668.634,482.76,0.039,2
1665056701,14287788,True,6037,105669.558,6.38,0.039,0
1665056723,14287789,False,417000,105369.194,439.39,0.036,2
1665056723,14287790,False,72990,105368.438,76.91,0.036,0
1665056757,14287791,False,212045,105379.966,223.45,0.036,2
1665056817,14287792,False,75500,105399.338,79.58,0.037,0
1665056844,14287793,False,910000,105362.277,958.8,0.036,2
1665056844,14287794,False,90000,105362.277,94.83,0.036,0
1665056956,14287795,True,14323,105550.516,15.12,0.038,0
1665056983,14287796,True,154204,105554.389,162.77,0.038,2
1665056993,14287797,True,284224,105550.311,300.0,0.038,2
1665057012,14287798,True,520000,105547.44,548.85,0.038,2
1665057012,14287799,True,2257000,105557.287,2382.43,0.038,2
1665057012,14287800,True,1291000,105558.116,1362.76,0.038,2
1665057012,14287801,True,1189833,105558.445,1255.97,0.038,2
1665057018,14287802,True,236856,105554.572,250.01,0.038,2
1665057058,14287803,True,130000,105583.409,137.26,0.039,2
1665057058,14287804,True,12067,105583.409,12.74,0.039,0
1665057092,14287805,True,473563,105582.42,500.0,0.038,2
1665057113,14287806,True,506000,105575.032,534.21,0.038,2
1665057113,14287807,True,535912,105575.085,565.79,0.038,2
1665057157,14287808,True,14207,105581.296,15.0,0.038,0
1665057205,14287809,False,780000,105395.824,822.09,0.037,2
1665057205,14287810,False,1061000,105395.824,1118.25,0.037,2
1665057205,14287811,False,460410,105394.597,485.25,0.037,2
1665057242,14287812,False,119290,105410.795,125.74,0.037,2
1665057247,14287813,True,14203,105598.039,15.0,0.039,0
1665057261,14287814,True,38147,105591.041,40.28,0.039,0
1665057278,14287815,True,6629,105584.302,7.0,0.039,0
1665057303,14287816,True,12198,105583.329,12.88,0.039,0
1665057445,14287817,True,486063,105758.738,514.05,0.04,2
1665057459,14287818,True,8491,105758.738,8.98,0.04,0
1665057471,14287819,True,141832,105758.738,150.0,0.04,2
1665057475,14287820,True,263614,105758.738,278.79,0.04,2
1665057475,14287821,True,209124,105776.099,221.2,0.04,2
1665057494,14287822,True,1389,105769.676,1.47,0.04,0
1665057539,14287823,True,94535,105780.597,100.0,0.04,2
1665057541,14287824,False,477719,105531.9,504.15,0.038,2
1665057563,14287825,False,3249,105542.38,3.43,0.038,0
1665057589,14287826,True,36481,105780.527,38.59,0.04,0
1665057660,14287827,False,2136,105575.183,2.26,0.038,0
1665057689,14287828,True,5674791,105730.76,6000.0,0.04,2
1665057696,14287829,True,340000,105821.695,359.79,0.041,2
1665057696,14287830,True,1077478,105821.695,1140.21,0.041,2
1665057728,14287831,True,498999,105987.476,528.88,0.042,2
1665057728,14287832,True,478000,105989.365,506.63,0.042,2
1665057728,14287833,True,1356267,106000.0,1437.64,0.043,2
1665057728,14287834,True,999000,106109.25,1060.03,0.044,2
1665057728,14287835,True,1031000,106109.499,1093.99,0.044,2
1665057728,14287836,True,2893223,106110.852,3070.02,0.044,2
1665057728,14287837,True,2210000,106131.425,2345.5,0.044,2
1665057728,14287838,True,1666000,106134.489,1768.2,0.044,2
1665057728,14287839,True,2120000,106134.749,2250.06,0.044,2
1665057728,14287840,True,1237000,106135.739,1312.9,0.044,2
1665057728,14287841,True,1225000,106136.799,1300.18,0.044,2
1665057728,14287842,True,1648000,106136.914,1749.14,0.044,2
1665057728,14287843,True,25000000,106138.14,26534.53,0.044,1
1665057728,14287844,True,230244,106221.0,244.57,0.045,2
1665057836,14287845,True,28270,106116.918,30.0,0.044,0
1665057843,14287846,True,383000,106113.934,406.42,0.044,2
1665057843,14287847,True,375000,106115.453,397.93,0.044,2
1665057843,14287848,True,184375,106115.974,195.65,0.044,2
1665057862,14287849,True,282550,106175.698,300.0,0.044,2
1665057886,14287850,False,30870,105813.887,32.66,0.041,0
1665057913,14287851,True,187403,106188.005,199.0,0.044,2
1665057962,14287852,True,810684,106133.737,860.41,0.044,2
1665057966,14287853,False,582000,105842.629,616.0,0.041,2
1665057966,14287854,False,1414000,105841.421,1496.6,0.041,2
1665057966,14287855,False,1166000,105841.369,1234.11,0.041,2
1665057966,14287856,False,1313000,105841.344,1389.7,0.041,2
1665057966,14287857,False,1106000,105841.064,1170.6,0.041,2
1665057966,14287858,False,1864000,105780.984,1971.76,0.04,2
1665057966,14287859,False,1942000,105780.306,2054.25,0.04,2
1665057966,14287860,False,1883000,105779.793,1991.83,0.04,2
1665057966,14287861,False,1153000,105775.086,1219.59,0.04,2
1665057966,14287862,False,1141000,105773.74,1206.88,0.04,2
1665057966,14287863,False,1298000,105773.463,1372.94,0.04,2
1665057966,14287864,False,8693190,105733.81,9191.64,0.04,2
1665057984,14287865,True,2193000,106009.11,2324.78,0.043,2
1665057984,14287866,True,1566000,106009.168,1660.1,0.043,2
1665057984,14287867,True,511000,106009.478,541.71,0.043,2
1665057984,14287868,True,1001999,106009.519,1062.22,0.043,2
1665057984,14287869,True,1190000,106009.597,1261.51,0.043,2
1665057984,14287870,True,1215000,106009.673,1288.02,0.043,2
1665057984,14287871,True,1705999,106009.968,1808.53,0.043,2
1665057984,14287872,True,2171000,106010.012,2301.48,0.043,2
1665057984,14287873,True,961000,106010.038,1018.76,0.043,2
1665057984,14287874,True,2485028,106011.05,2634.4,0.043,2
1665057995,14287875,True,1648000,106002.36,1746.92,0.043,2
1665057995,14287876,True,114497,106003.279,121.37,0.043,2
1665058006,14287877,True,1607000,105996.037,1703.36,0.043,2
1665058006,14287878,True,52881,105997.519,56.05,0.043,0
1665058015,14287879,True,350000,105994.153,370.98,0.043,2
1665058015,14287880,True,491828,105994.258,521.31,0.043,2
1665058030,14287881,True,374000,105987.947,396.39,0.042,2
1665058030,14287882,True,773421,105988.454,819.74,0.042,2
1665058053,14287883,False,576000,105602.412,608.27,0.039,2
1665058053,14287884,False,1153000,105601.49,1217.59,0.039,2
1665058053,14287885,False,106506,105600.912,112.47,0.039,2
1665058060,14287886,True,36277,105802.42,38.38,0.041,0
1665058066,14287887,True,844999,105798.752,894.0,0.041,2
1665058066,14287888,True,855000,105799.493,904.59,0.041,2
1665058066,14287889,True,759000,105799.632,803.02,0.041,2
1665058066,14287890,True,106453,105800.594,112.63,0.041,2
1665058066,14287891,True,1226000,105800.594,1297.12,0.041,2
1665058066,14287892,True,751000,105800.626,794.56,0.041,2
1665058066,14287893,True,835999,105800.633,884.49,0.041,2
1665058066,14287894,True,751000,105800.704,794.56,0.041,2
1665058066,14287895,True,1213000,105801.155,1283.37,0.041,2
1665058066,14287896,True,352000,105801.221,372.42,0.041,2
1665058066,14287897,True,7306119,105802.42,7730.05,0.041,2
1665058068,14287898,False,1323000,105607.46,1397.19,0.039,2
1665058068,14287899,False,486005,105607.446,513.26,0.039,2
1665058072,14287900,False,551000,105607.632,581.9,0.039,2
1665058072,14287901,False,628995,105607.446,664.27,0.039,2
1665058072,14287902,False,1127000,105606.973,1190.19,0.039,2
1665058072,14287903,False,929999,105423.122,980.44,0.037,2
1665058072,14287904,False,2114000,105423.122,2228.64,0.037,2
1665058072,14287905,False,1858000,105422.784,1958.76,0.037,2
1665058072,14287906,False,1242000,105419.423,1309.31,0.037,2
1665058072,14287907,False,1255000,105418.99,1323.01,0.037,2
1665058072,14287908,False,1538000,105416.793,1621.31,0.037,2
1665058072,14287909,False,1346005,105416.777,1418.92,0.037,2
1665058106,14287910,False,496473,105432.746,523.45,0.037,2
1665058121,14287911,True,141895,105711.319,150.0,0.04,2
1665058125,14287912,False,1749,105437.52,1.85,0.037,0
1665058229,14287913,True,28384,105690.844,30.0,0.04,0
1665058231,14287914,True,375616,105690.844,396.99,0.04,2
1665058231,14287915,True,475398,105807.555,503.01,0.041,2
1665058240,14287916,True,94539,105775.48,100.0,0.04,2
1665058259,14287917,False,347000,105435.654,365.86,0.037,2
1665058311,14287918,False,1079000,105455.276,1137.86,0.037,2
1665058311,14287919,False,1044999,105454.282,1102.0,0.037,2
1665058311,14287920,False,700000,105454.259,738.18,0.037,2
1665058311,14287921,False,556000,105454.259,586.33,0.037,2
1665058311,14287922,False,1113000,105454.216,1173.71,0.037,2
1665058311,14287923,False,4925012,105452.467,5193.55,0.037,2
1665058311,14287924,False,545000,105452.447,574.72,0.037,2
1665058311,14287925,False,5000000,105452.44,5272.62,0.037,2
1665058311,14287926,False,1241000,105452.265,1308.66,0.037,2
1665058311,14287927,False,1281000,105452.095,1350.84,0.037,2
1665058311,14287928,False,1091000,105451.641,1150.48,0.037,2
1665058311,14287929,False,1766738,105407.821,1862.28,0.037,2
1665058443,14287930,True,790000,105767.412,835.56,0.04,2
1665058443,14287931,True,1004715,105795.915,1062.95,0.041,2
1665058450,14287932,False,1000,105506.054,1.06,0.038,0
1665058568,14287933,True,486896,105578.869,514.06,0.038,2
1665058662,14287934,True,947461,105546.279,1000.01,0.038,2
1665058708,14287935,False,929999,105405.637,980.27,0.037,2
1665058708,14287936,False,491180,105405.637,517.73,0.037,2
1665058729,14287937,False,59450,105353.22,62.63,0.036,0
1665058753,14287938,False,60824,105358.624,64.08,0.036,0
1665058819,14287939,True,235680,105358.624,248.31,0.036,2
1665058823,14287940,True,909000,105353.22,957.66,0.036,2
1665058823,14287941,True,919000,105353.22,968.2,0.036,2
1665058823,14287942,True,1080000,105353.22,1137.81,0.036,2
1665058823,14287943,True,2034000,105353.22,2142.88,0.036,2
1665058823,14287944,True,2012999,105353.22,2120.76,0.036,2
1665058823,14287945,True,1091000,105353.22,1149.4,0.036,2
1665058823,14287946,True,1516000,105353.22,1597.15,0.036,2
1665058823,14287947,True,1565000,105353.22,1648.78,0.036,2
1665058823,14287948,True,454000,105353.22,478.3,0.036,2
1665058823,14287949,True,670000,105358.624,705.9,0.036,2
1665058823,14287950,True,1827320,105358.624,1925.24,0.036,2
1665058823,14287951,True,159361,105358.624,167.9,0.036,2
1665058846,14287952,True,1632,105358.63,1.72,0.036,0
1665058851,14287953,True,332198,105358.63,350.0,0.036,2
1665058854,14287954,False,81640,105353.22,86.01,0.036,0
1665058857,14287955,False,3638,105353.22,3.83,0.036,0
1665058857,14287956,False,230393,105353.22,242.73,0.036,2
1665058858,14287957,True,13894,105358.63,14.64,0.036,0
1665058869,14287958,True,9491,105358.63,10.0,0.036,0
1665058895,14287959,False,46380,105353.22,48.86,0.036,0
1665058899,14287960,False,613583,105353.22,646.43,0.036,2
1665058899,14287961,False,720000,105053.52,756.39,0.033,2
1665058899,14287962,False,588417,105053.52,618.15,0.033,2
1665058925,14287963,True,232465,105318.77,244.83,0.036,2
1665058954,14287964,False,810000,105077.942,851.13,0.034,2
1665058954,14287965,False,190000,105077.942,199.65,0.034,2
1665058969,14287966,False,104465,105084.372,109.78,0.034,2
1665058969,14287967,False,895535,105084.372,941.07,0.034,2
1665058976,14287968,True,692536,105313.225,729.33,0.036,2
1665058976,14287969,True,357000,105313.225,375.97,0.036,2
1665058976,14287970,True,3819405,105318.77,4022.55,0.036,2
1665059056,14287971,True,694000,105353.084,731.15,0.036,2
1665059056,14287972,True,65351,105353.101,68.85,0.036,0
1665059058,14287973,False,180514,105318.01,190.11,0.036,2
1665059061,14287974,True,949,105351.322,1.0,0.036,0
1665059115,14287975,False,2757885,105318.0,2904.55,0.036,2
1665059115,14287976,False,350000,105151.07,368.03,0.034,2
1665059115,14287977,False,589000,105151.07,619.34,0.034,2
1665059115,14287978,False,595000,105149.622,625.64,0.034,2
1665059115,14287979,False,5000000,105148.346,5257.42,0.034,2
1665059115,14287980,False,1369000,105091.767,1438.71,0.034,2
1665059115,14287981,False,1203000,105089.508,1264.23,0.034,2
1665059115,14287982,False,1178000,105088.87,1237.95,0.034,2
1665059115,14287983,False,3279956,105087.803,3446.83,0.034,2
1665059115,14287984,False,2026000,105011.353,2127.53,0.033,2
1665059115,14287985,False,2004999,105010.133,2105.45,0.033,2
1665059115,14287986,False,1901999,105008.491,1997.26,0.033,2
1665059115,14287987,False,1861000,104996.852,1953.99,0.033,2
1665059115,14287988,False,1042743,104996.831,1094.85,0.033,2
1665059142,14287989,True,379723,105339.7,400.0,0.036,2
1665059157,14287990,True,3485,105285.52,3.67,0.036,0
1665059159,14287991,True,1091000,105283.643,1148.64,0.036,2
1665059159,14287992,True,1499000,105283.711,1578.2,0.036,2
1665059159,14287993,True,949000,105283.882,999.14,0.036,2
1665059159,14287994,True,1127000,105284.031,1186.55,0.036,2
1665059159,14287995,True,899000,105284.114,946.5,0.036,2
1665059159,14287996,True,1969999,105284.238,2074.1,0.036,2
1665059159,14287997,True,1565000,105284.343,1647.7,0.036,2
1665059159,14287998,True,24996515,105285.52,26317.71,0.036,1
1665059159,14287999,True,929999,105338.603,979.65,0.036,2
1665059159,14288000,True,444000,105345.138,467.73,0.036,2
1665059159,14288001,True,1483000,105347.656,1562.31,0.036,2
1665059159,14288002,True,967999,105348.082,1019.77,0.036,2
1665059159,14288003,True,899000,105350.342,947.1,0.036,2
1665059159,14288004,True,17070000,105355.0,17984.1,0.036,2
1665059159,14288005,True,1927000,105387.497,2030.82,0.037,2
1665059159,14288006,True,1294805,105388.903,1364.58,0.037,2
1665059187,14288007,True,47488,105288.44,50.0,0.036,0
1665059194,14288008,True,680000,105288.44,715.96,0.036,2
1665059194,14288009,True,10122671,105288.44,10658.0,0.036,2
1665059250,14288010,True,9492,105351.14,10.0,0.036,0
1665059252,14288011,False,300930,105032.102,316.07,0.033,2
1665059285,14288012,False,127170,105044.874,133.59,0.033,2
1665059297,14288013,False,46000,105050.478,48.32,0.033,0
1665059351,14288014,False,47980,105068.66,50.41,0.033,0
1665059416,14288015,True,7778,105417.802,8.2,0.037,0
1665059529,14288016,True,10031036,105417.8,10574.5,0.037,2
1665059577,14288017,True,2576,105500.0,2.72,0.038,0
1665059577,14288018,True,233745,105791.186,247.28,0.041,2
1665059577,14288019,True,446255,105791.186,472.1,0.041,2
1665059577,14288020,True,553745,105893.0,586.38,0.042,2
1665059600,14288021,True,14179,105789.0,15.0,0.041,0
1665059607,14288022,True,9452,105787.589,10.0,0.041,0
1665059616,14288023,True,4875652,105417.8,5139.81,0.037,2
1665059670,14288024,False,37720,105433.93,39.77,0.037,0
1665059694,14288025,False,970000,105441.568,1022.78,0.037,2
1665059694,14288026,False,5000000,105441.568,5272.08,0.037,2
1665059694,14288027,False,1226000,105441.558,1292.71,0.037,2
1665059694,14288028,False,1162000,105440.209,1225.22,0.037,2
1665059694,14288029,False,575000,105439.937,606.28,0.037,2
1665059694,14288030,False,633244,105439.86,667.69,0.037,2
1665059694,14288031,False,1380000,105410.588,1454.67,0.037,2
1665059694,14288032,False,2002000,105409.869,2110.31,0.037,2
1665059694,14288033,False,1278676,105408.83,1347.84,0.037,2
1665059709,14288034,True,18906,105783.654,20.0,0.04,0
1665059720,14288035,True,179611,105783.654,190.0,0.04,2
1665059735,14288036,True,386524,105783.654,408.88,0.04,2
1665059789,14288037,False,517000,105508.31,545.48,0.038,2
1665059789,14288038,False,716960,105508.084,756.45,0.038,2
1665059798,14288039,True,344959,105783.654,364.91,0.04,2
1665059798,14288040,True,949000,105876.181,1004.76,0.041,2
1665059798,14288041,True,408000,105876.264,431.98,0.041,2
1665059798,14288042,True,187725,105878.072,198.76,0.041,2
1665059812,14288043,False,100000,105519.021,105.52,0.038,2
1665059824,14288044,False,5000,105525.215,5.28,0.038,0
1665059827,14288045,True,110000,105868.756,116.46,0.041,2
1665059827,14288046,True,931000,105875.435,985.7,0.041,2
1665059827,14288047,True,409000,105875.976,433.03,0.041,2
1665059827,14288048,True,61213,105876.532,64.81,0.041,0
1665059828,14288049,False,8820,105525.225,9.31,0.038,0
1665059834,14288050,True,925000,105871.242,979.31,0.041,2
1665059834,14288051,True,19552,105871.486,20.7,0.041,0
1665059859,14288052,True,756000,105867.896,800.36,0.041,2
1665059859,14288053,True,936000,105868.737,990.93,0.041,2
1665059859,14288054,True,293695,105874.167,310.95,0.041,2
1665059963,14288055,True,28333,105877.436,30.0,0.041,0
1665059995,14288056,False,195782,105593.625,206.73,0.039,2
1665059998,14288057,True,47221,105883.591,50.0,0.041,0
1665060169,14288058,True,180000,105863.793,190.55,0.041,2
1665060169,14288059,True,851000,105887.983,901.11,0.041,2
1665060169,14288060,True,1234000,105888.059,1306.66,0.041,2
1665060169,14288061,True,755000,105889.051,799.46,0.042,2
1665060169,14288062,True,709000,105889.611,750.76,0.042,2
1665060169,14288063,True,851000,105889.814,901.12,0.042,2
1665060169,14288064,True,1221000,105889.836,1292.91,0.042,2
1665060169,14288065,True,1234000,105891.159,1306.7,0.042,2
1665060169,14288066,True,47903,105891.357,50.73,0.042,0
1665060173,14288067,False,147770,105663.962,156.14,0.039,2
1665060242,14288068,True,47237,105848.017,50.0,0.041,0
1665060242,14288069,True,8738,105848.017,9.25,0.041,0
1665060298,14288070,False,638000,105527.146,673.26,0.038,2
1665060298,14288071,False,1236000,105526.119,1304.3,0.038,2
1665060298,14288072,False,920000,105525.877,970.84,0.038,2
1665060298,14288073,False,658000,105525.877,694.36,0.038,2
1665060298,14288074,False,1316000,105525.649,1388.72,0.038,2
1665060298,14288075,False,1276000,105524.994,1346.5,0.038,2
1665060298,14288076,False,3513505,105524.182,3707.6,0.038,2
1665060310,14288077,True,661419,105833.063,700.0,0.041,2
1665060505,14288078,True,64570,105883.686,68.37,0.041,0
1665060524,14288079,False,96111,105596.775,101.49,0.039,2
1665060616,14288080,False,566000,105468.824,596.95,0.037,2
1665060616,14288081,False,3221990,105467.374,3398.15,0.037,2
1665060653,14288082,False,11710,105484.433,12.35,0.038,0
1665060662,14288083,True,47267,105781.055,50.0,0.04,0
1665060720,14288084,True,341000,105760.261,360.64,0.04,2
1665060720,14288085,True,13575,105761.797,14.36,0.04,0
1665060720,14288086,True,12065,105760.261,12.76,0.04,0
1665060739,14288087,False,65924,105517.18,69.56,0.038,0
1665060808,14288088,False,8530,105496.824,9.0,0.038,0
1665060849,14288089,False,45360,105493.046,47.85,0.038,0
1665060873,14288090,False,740000,105499.877,780.7,0.038,2
1665060873,14288091,False,1141000,105499.877,1203.75,0.038,2
1665060873,14288092,False,1090074,105499.623,1150.02,0.038,2
1665060883,14288093,True,13254,105621.397,14.0,0.039,0
1665060921,14288094,True,4733,105621.397,5.0,0.039,0
1665060939,14288095,False,966149,105484.43,1019.14,0.038,2
1665060944,14288096,True,7574,105621.397,8.0,0.039,0
1665060954,14288097,False,189360,105484.43,199.75,0.038,2
1665060978,14288098,True,1627000,105484.43,1716.23,0.038,2
1665060978,14288099,True,728000,105484.43,767.93,0.038,2
1665060978,14288100,True,855000,105484.43,901.89,0.038,2
1665060978,14288101,True,379000,105484.43,399.79,0.038,2
1665060978,14288102,True,1610000,105484.43,1698.3,0.038,2
1665060978,14288103,True,1226000,105484.43,1293.24,0.038,2
1665060978,14288104,True,1266000,105484.43,1335.43,0.038,2
1665060978,14288105,True,728000,105484.43,767.93,0.038,2
1665060978,14288106,True,873000,105484.43,920.88,0.038,2
1665060978,14288107,True,1210000,105484.44,1276.36,0.038,2
1665060978,14288108,True,8458143,105484.44,8922.02,0.038,2
1665060982,14288109,True,94800,105484.44,100.0,0.038,2
1665061013,14288110,True,9385,105484.44,9.9,0.038,0
1665061063,14288111,False,3546429,105484.43,3740.93,0.038,2
1665061085,14288112,False,25380,105484.43,26.77,0.038,0
1665061104,14288113,True,94800,105484.43,100.0,0.038,2
1665061113,14288114,False,272682,105484.43,287.64,0.038,2
1665061113,14288115,False,207318,105179.763,218.06,0.035,2
1665061160,14288116,True,36751,105438.094,38.75,0.037,0
1665061161,14288117,False,249980,105193.452,262.96,0.035,2
1665061207,14288118,True,7498,105395.703,7.9,0.037,0
1665061233,14288119,True,18978,105385.032,20.0,0.037,0
1665061250,14288120,True,223380,105382.404,235.4,0.037,2
1665061250,14288121,True,203636,105382.404,214.6,0.037,2
1665061348,14288122,True,380158,105219.19,400.0,0.035,2
1665061357,14288123,False,61470,105033.541,64.56,0.033,0
1665061515,14288124,False,1120000,105093.199,1177.04,0.034,2
1665061515,14288125,False,3817907,105093.199,4012.36,0.034,2
1665061545,14288126,False,46989,105018.453,49.35,0.033,0
1665061590,14288127,True,62593,105377.763,65.96,0.036,0
1665061596,14288128,True,94896,105377.527,100.0,0.036,2
1665061607,14288129,False,45670,105045.42,47.97,0.033,0
1665061615,14288130,True,186615,105377.217,196.65,0.036,2
1665061629,14288131,True,1689,105375.411,1.78,0.036,0
1665061637,14288132,False,625460,105054.844,657.08,0.033,2
1665061652,14288133,True,94898,105375.411,100.0,0.036,2
1665061780,14288134,True,474084,105466.199,500.0,0.037,2
1665061816,14288135,True,440000,105462.678,464.04,0.037,2
1665061816,14288136,True,1835686,105462.678,1935.96,0.037,2
1665061830,14288137,True,284464,105461.488,300.0,0.037,2
1665061899,14288138,False,278160,105198.186,292.62,0.035,2
1665061919,14288139,True,663912,105435.57,700.0,0.037,2
1665062011,14288140,False,246800,105098.062,259.38,0.034,2
1665062023,14288141,True,48611,105408.139,51.24,0.037,0
1665062026,14288142,True,142304,105408.139,150.0,0.037,2
1665062074,14288143,True,79085,105408.139,83.36,0.037,0
1665062074,14288144,True,72686,105435.871,76.64,0.037,0
1665062116,14288145,False,17020,105134.518,17.89,0.034,0
1665062169,14288146,False,139990,105150.715,147.2,0.034,2
1665062180,14288147,True,17012,105385.97,17.93,0.037,0
1665062180,14288148,True,119999,105385.97,126.46,0.037,2
1665062180,14288149,True,1835163,105385.97,1934.0,0.037,2
1665062180,14288150,True,2034899,105389.0,2144.56,0.037,2
1665062199,14288151,True,119999,105389.0,126.47,0.037,2
1665062199,14288152,True,69749,105424.919,73.53,0.037,0
1665062229,14288153,False,1259000,105173.495,1324.13,0.034,2
1665062229,14288154,False,688798,105171.876,724.42,0.034,2
1665062266,14288155,False,4199,105188.049,4.42,0.035,0
1665062300,14288156,True,36373,105380.116,38.33,0.037,0
1665062324,14288157,True,4745,105372.199,5.0,0.036,0
1665062355,14288158,True,47451,105369.749,50.0,0.036,0
1665062375,14288159,False,1267000,105221.031,1333.15,0.035,2
1665062375,14288160,False,633000,105220.302,666.04,0.035,2
1665062375,14288161,False,1294000,105219.843,1361.54,0.035,2
1665062375,14288162,False,5000000,105218.635,5260.93,0.035,2
1665062375,14288163,False,1220000,105178.0,1283.17,0.035,2
1665062375,14288164,False,155000,105178.0,163.03,0.035,2
1665062426,14288165,True,4587,105286.371,4.83,0.036,0
1665062438,14288166,True,740028,105236.62,778.78,0.035,2
1665062445,14288167,True,28507,105236.62,30.0,0.035,0
1665062447,14288168,False,951,105205.271,1.0,0.035,0
1665062447,14288169,False,580000,105178.0,610.03,0.035,2
1665062447,14288170,False,43900,105178.0,46.17,0.035,0
1665062447,14288171,False,95000,105000.0,99.75,0.033,0
1665062447,14288172,False,1963000,104964.457,2060.45,0.032,2
1665062447,14288173,False,1018015,104962.818,1068.54,0.032,2
1665062450,14288174,True,15000369,105236.62,15785.88,0.035,2
1665062460,14288175,True,15007499,105258.81,15796.72,0.035,2
1665062567,14288176,True,474979,105267.673,500.0,0.035,2
1665062572,14288177,False,560000,105016.824,588.09,0.033,2
