amount,date,price,tid,type,satoshi,volume
0.03018858,1663608510,99375.3025,14227484,buy,3018858,2999.9992695454503
0.00328523,1663608514,99195.72429418,14227485,sell,328523,325.880769322969
0.00055343,1663608536,99378.69784252,14227486,buy,55343,54.99915274698585
0.0010081,1663608626,99200,14227487,sell,100810,100.00352000000001
0.0076219,1663608626,99195.30038342,14227488,sell,762190,756.056659992389
1.006e-05,1663608631,99363.83950901,14227489,buy,1006,0.9996002254606405
0.00101648,1663608636,99361.97482916,14227490,buy,101648,100.99946017434455
0.03018718,1663608666,99379.93394,14227491,buy,3018718,2999.999954234889
7.669e-05,1663608672,99196.16685001,14227492,sell,7669,7.607354035727267
0.05,1663608710,99379.9239,14227493,buy,5000000,4968.996195
0.00031197,1663608710,99379.93394,14227494,buy,31197,31.0035579912618
7.145e-05,1663608717,99194.11483081,14227495,sell,7145,7.087419504661375
0.00201248,1663608718,99379.93394,14227496,buy,201248,200.00012945557123
0.00019118,1663608742,99379.93394,14227497,buy,19118,18.9994557706492
0.00251559,1663608751,99379.9239,14227498,buy,251558,249.99914276360096
0.00251559,1663608760,99379.9239,14227499,buy,251558,249.99914276360096
0.0100624,1663608778,99379.93394,14227500,buy,1006240,1000.0006472778562
0.01115343,1663608792,99195.85472826,14227501,sell,1115343,1106.3740220018171
0.01668,1663608798,99195.31901686,14227502,sell,1668000,1654.5779212012249
0.00666,1663608798,99193.48129384,14227503,sell,666000,660.6285854169744
0.0062545,1663608798,99193.2297424,14227504,sell,625450,620.4040554238408
0.00636,1663608802,99195.17926606,14227505,sell,636000,630.8813401321416
0.00263999,1663608802,99193.64435,14227506,sell,263999,261.87022914755653
0.00100627,1663608805,99376.53335141,14227507,buy,100627,99.99962421552335
0.01320644,1663608811,99196.45101,14227508,sell,1320644,1310.0319784765045
0.02741,1663608811,99196.45099834,14227509,sell,2741000,2718.9747218644998
0.01601,1663608811,99195.11171984,14227510,sell,1601000,1588.1137386346384
0.01237,1663608811,99194.81591398,14227511,sell,1237000,1227.0398728559326
0.01237,1663608811,99192.50070906,14227512,sell,1237000,1227.0112337710723
0.01863356,1663608811,99189.25150296,14227513,sell,1863356,1848.2488692354955
0.00172197,1663608814,99196.2693223,14227514,sell,172197,170.8129998849209
0.00020126,1663608820,99370.65900051,14227515,buy,20126,19.999338830442642
0.01887,1663608821,99189.44249572,14227516,sell,1887000,1871.7047798942365
0.00558,1663608821,99181.80744368,14227517,sell,558000,553.4344855357343
0.1709872,1663608821,99180,14227518,sell,17098720,16958.510496
0.02645803,1663608822,99180,14227519,sell,2645803,2624.1074154000003
0.1,1663608822,99180,14227520,sell,10000000,9918.0
0.0004133,1663608824,99369.02344472,14227521,buy,41330,41.06921738970278
7.998e-05,1663608826,99180,14227522,sell,7998,7.9324164
7.084e-05,1663608827,99367.69745016,14227523,buy,7084,7.039207687369335
0.00282,1663608833,99180,14227524,sell,282000,279.6876
0.15,1663608839,99180,14227525,sell,15000000,14877.0
0.04965479,1663608841,99180,14227526,sell,4965479,4924.7620722
0.00278521,1663608841,99100,14227527,sell,278521,276.014311
4.182e-05,1663608845,99101.10403132,14227528,sell,4182,4.144408170589803
0.00552,1663608852,99104.74453966,14227529,sell,552000,547.0581898589231
0.00564,1663608852,99102.90681664,14227530,sell,564000,558.9403944458496
0.22638,1663608852,99100,14227531,sell,22638000,22434.257999999998
0.00547818,1663608857,99100,14227532,sell,547818,542.887638
0.50488999,1663608862,99100,14227533,sell,50488999,50034.598009
0.0001231,1663608865,99100,14227534,sell,12310,12.19921
0.00788,1663608866,99349.95007241,14227535,buy,788000,782.8776065705908
0.0021863,1663608866,99350.30570922,14227536,buy,218630,217.2095733720677
0.14999999,1663608870,99100,14227537,sell,14999999,14864.999009
0.11034353,1663608872,99100,14227538,sell,11034353,10935.043823
0.00849577,1663608872,99056.26,14227539,sell,849577,841.5592020201999
0.00867544,1663608872,99000,14227540,sell,867544,858.86856
0.00020202,1663608872,99000,14227541,sell,20202,19.99998
5e-05,1663608872,99000,14227542,sell,5000,4.95
0.005,1663608872,99000,14227543,sell,500000,495.0
0.00783212,1663608872,99000,14227544,sell,783212,775.37988
0.0010101,1663608872,99000,14227545,sell,101010,99.99990000000001
0.0050505,1663608872,99000,14227546,sell,505050,499.9995
0.00026,1663608872,99000,14227547,sell,25999,25.74
0.00545,1663608872,98985.98887456,14227548,sell,545000,539.473639366352
2.03e-05,1663608872,98984.61,14227549,sell,2029,2.009387583
0.01395,1663608872,98954.97826554,14227550,sell,1395000,1380.4219468042832
0.01918,1663608872,98954.03727682,14227551,sell,1918000,1897.9384349694076
0.01352,1663608872,98953.61336607,14227552,sell,1352000,1337.8528527092665
0.00767,1663608872,98953.52252804,14227553,sell,767000,758.9735177900668
0.00789,1663608872,99348.43151614,14227554,buy,789000,783.8591246623446
0.00771166,1663608872,99348.57532389,14227555,buy,771166,766.1424343822297
6.48e-05,1663608876,98954.22361122,14227556,sell,6480,6.4122336900070565
0.0016,1663608883,98950.08,14227557,sell,160000,158.320128
0.00979001,1663608883,98928.75,14227558,sell,979001,968.5134517875
0.22176959,1663608891,98928.75,14227559,sell,22176959,21939.3883267125
0.00869,1663608895,99335.94425487,14227560,buy,869000,863.2293555748203
0.00137683,1663608895,99336.92168835,14227561,buy,137683,136.77005388817093
0.00552,1663608903,98929.74921822,14227562,sell,552000,546.0922156845743
0.01104,1663608903,98891.33304632,14227563,sell,1104000,1091.7603168313726
0.01271,1663608903,98888.76861914,14227564,sell,1271000,1256.8762491492694
0.02,1663608903,98880.33,14227565,sell,2000000,1977.6066
0.0124,1663608918,98850.00000001,14227566,sell,1240000,1225.740000000124
0.00256808,1663608918,98850,14227567,sell,256808,253.854708
0.0125,1663608933,98800.00000001,14227568,sell,1250000,1235.000000000125
0.00028224,1663608933,98800,14227569,sell,28224,27.885312000000003
0.00040273,1663608935,99320.25845008,14227570,buy,40273,39.99924768560072
9.162e-05,1663608950,99314.75216017,14227571,buy,9162,9.099217592914774
0.0007299,1663608953,98800,14227572,sell,72990,72.11412
0.0001,1663608953,98715,14227573,sell,10000,9.871500000000001
0.0005065,1663608953,98715,14227574,sell,50650,49.9991475
0.01013068,1663608953,98710,14227575,sell,1013068,999.9994227999999
0.02241,1663608953,98584.36410552,14227576,sell,2241000,2209.275599604703
0.01707,1663608953,98584.31756638,14227577,sell,1706999,1682.8343008581066
0.01024,1663608953,98583.72129728,14227578,sell,1024000,1009.4973060841473
0.01230262,1663608953,98583.59319238,14227579,sell,1230262,1212.836485280438
0.00101547,1663608955,98585.51942424,14227580,sell,101547,100.110637409733
1.006e-05,1663608974,99305.36782367,14227581,buy,1006,0.9990120003061203
0.00038462,1663608988,99299.9978,14227582,buy,38462,38.192765153836
0.00251762,1663608988,99299.9978,14227583,buy,251762,249.99966046123598
0.00696622,1663608994,99297.71166757,14227584,buy,696622,691.7297049728595
0.00151081,1663609031,99284.3005976,14227585,buy,151081,149.99971418586006
0.00392199,1663609038,98567.92000001,14227586,sell,392199,386.58239656083924
0.00041041,1663609056,98570.98588416,14227587,sell,41041,40.45451831671811
0.00010788,1663609071,99251.34593594,14227588,buy,10788,10.707235199569208
0.00141056,1663609073,99251.34593592,14227589,buy,141056,139.9999785233713
9.32e-05,1663609101,99239.02686148,14227590,buy,9320,9.249077303489937
4.03e-05,1663609110,99233.85694519,14227591,buy,4029,3.9991244348911565
0.0101,1663609154,98567.92000001,14227592,sell,1010000,995.5359920001009
0.00304297,1663609154,98567.92,14227593,sell,304297,299.93922352239997
0.00863487,1663609154,98509.13271478,14227594,sell,863486,850.6135548048724
0.00100798,1663609168,99207.80261457,14227595,buy,100797,99.99948087943426
0.00180033,1663609179,99203.51263217,14227596,buy,180033,178.5990598970746
0.00023454,1663609221,99090.27876,14227597,buy,23454,23.2406339803704
2.02e-05,1663609222,98515.62181026,14227598,sell,2020,1.9900155605672518
0.0099,1663609236,99082.83467613,14227599,buy,990000,980.9200632936871
0.01592,1663609236,99082.83467614,14227600,buy,1592000,1577.3987280441488
0.01159,1663609236,99083.5269233,14227601,buy,1159000,1148.378077041047
0.00296013,1663609236,99084.50922,14227602,buy,296013,293.30302827739865
0.0009462,1663609242,99080.27774912,14227603,buy,94620,93.74975880621734
0.00353279,1663609261,99071.7050968,14227604,buy,353279,349.99952904892405
0.01622718,1663609267,98600,14227605,buy,1622718,1599.9999480000001
0.00010094,1663609288,99060.5121427,14227606,buy,10094,9.999168095684139
0.00888,1663609315,99047.13735976,14227607,buy,888000,879.538579754669
0.0098,1663609315,99048.50722913,14227608,buy,980000,970.6753708454739
0.01125,1663609315,99048.50722914,14227609,buy,1125000,1114.295706327825
0.00937,1663609315,99048.51454161,14227610,buy,937000,928.0845812548856
0.00947,1663609315,99049.11394525,14227611,buy,946999,937.9951090615175
0.01113,1663609315,99049.20950158,14227612,buy,1113000,1102.4177017525853
0.01595,1663609315,99050.33318448,14227613,buy,1595000,1579.8528142924558
0.01065,1663609315,99050.38924674,14227614,buy,1065000,1054.886645477781
0.01496,1663609315,99050.40874666,14227615,buy,1496000,1481.7941148500336
0.00959569,1663609315,99050.64762068,14227616,buy,959569,950.4593088672829
0.00311356,1663609318,99047.13735975,14227617,buy,311356,308.38920499782324
0.01063,1663609329,98592.37790024,14227618,sell,1063000,1048.0369770795512
0.0127,1663609329,98591.90507671,14227619,sell,1270000,1252.1171944742168
0.00617428,1663609329,98591.9050767,14227620,sell,617428,608.7340276769672
2.023e-05,1663609330,98592.79948182,14227621,sell,2023,1.9945323335172187
0.00803,1663609332,99041.12650942,14227622,buy,803000,795.3002458706427
0.00752,1663609332,99042.44275402,14227623,buy,752000,744.7991695102304
0.00396,1663609332,99043.18130118,14227624,buy,396000,392.2109979526728
0.06126286,1663609332,99043.52020427,14227625,buy,6126286,6067.689312181365
0.00019093,1663609339,99037.6213988,14227626,buy,19093,18.90925305367288
0.00050488,1663609356,99031.71536052,14227627,buy,50488,49.99913245121934
0.00507924,1663609373,98605.26758237,14227628,sell,507923,500.83981931507697
0.00305549,1663609374,98593.55180697,14227629,sell,305549,301.25161161067876
0.00369,1663609376,99024.23226622,14227630,buy,369000,365.3994170623518
0.00945,1663609376,99024.71215311,14227631,buy,945000,935.7835298468895
0.01671,1663609376,99025.31944745,14227632,buy,1671000,1654.7130879668896
0.0126,1663609376,99025.44369875,14227633,buy,1260000,1247.72059060425
0.00796,1663609376,99025.44369876,14227634,buy,796000,788.2425318421297
0.0039,1663609376,99025.79957229,14227635,buy,390000,386.20061833193097
0.00936,1663609376,99026.57683296,14227636,buy,936000,926.8887591565056
0.00731,1663609376,99026.8595818,14227637,buy,731000,723.886343542958
0.01654,1663609376,99026.96962818,14227638,buy,1654000,1637.9060776500971
0.00877,1663609376,99027.02533112,14227639,buy,877000,868.4670121539225
0.01671,1663609376,99027.69112522,14227640,buy,1671000,1654.752718702426
0.01286,1663609376,99027.70087518,14227641,buy,1286000,1273.4962332548148
0.01272,1663609376,99028.70475173,14227642,buy,1272000,1259.6451244420057
0.353674,1663609376,99028.84168069,14227643,buy,35367400,35023.926552576355
0.41657529,1663609376,99028.84649,14227644,buy,41657529,41252.97044493723
0.00100421,1663609401,99012.5027657,14227645,buy,100421,99.4293454023436
0.00020201,1663609433,99000.23731601,14227646,buy,20201,19.999037940207177
0.00303035,1663609437,98998.45063585,14227647,buy,303035,299.999954884348
0.00030303,1663609438,98997.42871984,14227648,buy,30302,29.999190824973113
0.0001,1663609449,98542.40055432,14227649,sell,10000,9.854240055432001
0.00050517,1663609494,98976.07630743,14227650,buy,50517,49.999744468224414
0.00591714,1663609499,98545.53330143,14227651,sell,591714,583.1077169192235
1.616e-05,1663609504,98972.46678707,14227652,buy,1616,1.5993950632790515
0.00032332,1663609507,98971.46254119,14227653,buy,32332,31.99945326881755
0.00151564,1663609515,98967.99825695,14227654,buy,151564,149.99985687816368
0.00278,1663609521,98965.426705,14227655,buy,278000,275.1238862399
0.0107,1663609521,98965.57356534,14227656,buy,1070000,1058.931637149138
0.00545,1663609521,98965.57356535,14227657,buy,545000,539.3623759311575
0.00127903,1663609521,98966.50198746,14227658,buy,127903,126.58112503702095
0.0014,1663609539,98957.87597192,14227659,buy,140000,138.541026360688
0.00062106,1663609539,98957.87597193,14227660,buy,62106,61.45877845112685
0.00202111,1663609542,98955.52379408,14227661,buy,202111,199.99999869545303
0.00028253,1663609545,98538.73908337,14227662,sell,28253,27.84014995322453
0.00546,1663609548,98954.26117426,14227663,buy,546000,540.2902660114595
0.00535,1663609548,98955.21910782,14227664,buy,535000,529.410422226837
0.00547,1663609548,98956.42079039,14227665,buy,547000,541.2916217234333
0.00393109,1663609548,98956.56375391,14227666,buy,393109,389.00715820735803
0.00703528,1663609559,98952.6644,14227667,buy,703528,696.1597008000319
0.00050411,1663609565,99183.7852,14227668,buy,50411,49.999537957172
0.00511,1663609574,99179.15661354,14227669,buy,511000,506.80549029518943
0.00093963,1663609574,99181.9914144,14227670,buy,93963,93.19437459271268
1.008e-05,1663609585,99173.90382259,14227671,buy,1008,0.9996729505317072
0.00487,1663609702,99124.97608581,14227672,buy,487000,482.73863353789477
0.00623,1663609702,99125.66186805,14227673,buy,623000,617.5528734379515
0.00487,1663609702,99126.11439364,14227674,buy,487000,482.74417709702686
0.01264385,1663609702,99126.47513,14227675,buy,1264385,1253.3402825724506
0.00238,1663609702,99127.40382585,14227676,buy,238000,235.923221105523
0.00572,1663609702,99127.44367324,14227677,buy,572000,567.0089778109328
0.00498,1663609702,99127.97176102,14227678,buy,498000,493.65729936987964
0.0061,1663609702,99128.21068261,14227679,buy,610000,604.6820851639211
0.00585,1663609702,99129.28317821,14227680,buy,585000,579.9063065925285
0.00803,1663609702,99130.39623656,14227681,buy,803000,796.0170817795769
0.00167888,1663609702,99130.62696,14227682,buy,167888,166.42842699060478
0.0081,1663609711,98554.88961749,14227683,sell,810000,798.294605901669
0.01173778,1663609711,98554.88961748,14227684,sell,1173778,1156.8156122542644
0.00100889,1663609716,99118.17389877,14227685,buy,100888,99.99933446473005
0.00262393,1663609782,99087.90186291,14227686,buy,262393,259.9997183351454
0.00214,1663609808,99076.37984767,14227687,buy,214000,212.0234528740138
0.00038329,1663609808,99078.32496469,14227688,buy,38329,37.97573117571603
0.0003028,1663609811,99075.22447741,14227689,buy,30280,29.999977971759744
0.00014555,1663609837,99068.64057946,14227690,buy,14554,14.419440636340402
0.00028263,1663609844,99068.22621617,14227691,buy,28263,27.999652775476132
0.00090291,1663609891,98612.98561281,14227692,sell,90291,89.03865083966228
0.00013125,1663609908,99045.46005954,14227693,buy,13125,12.999716632814623
0.00221,1663609916,99044.16087738,14227694,buy,221000,218.8875955390098
0.00281129,1663609916,99044.21937713,14227695,buy,281129,278.4420234927318
0.0106,1663609956,99015.43262022,14227696,buy,1060000,1049.563585774332
0.00407,1663609956,99015.43262023,14227697,buy,407000,402.99281076433607
0.0089,1663609956,99017.25342525,14227698,buy,890000,881.253555484725
0.00434,1663609956,99017.25342526,14227699,buy,434000,429.73487986562844
0.00407,1663609956,99022.78165257,14227700,buy,407000,403.0227213259599
0.0051,1663609956,99024.91421953,14227701,buy,510000,505.027062519603
0.00215,1663609956,99025.67007822,14227702,buy,215000,212.90519066817302
0.00516,1663609956,99029.60638778,14227703,buy,515999,510.9927689609448
0.00921,1663609956,99031.4783701,14227704,buy,921000,912.079915788621
0.04738259,1663609956,99032.72148,14227705,buy,4738259,4692.426838471033
0.00050499,1663609992,99011.26378041,14227706,buy,50499,49.99969809646924
0.00189,1663609997,99005.75017803,14227707,buy,189000,187.1208678364767
0.00753,1663609997,99009.86952613,14227708,buy,753000,745.5443175317589
0.00367,1663609997,99010.44964875,14227709,buy,367000,363.3683502109125
0.00769,1663609997,99011.01027145,14227710,buy,769000,761.3946689874505
0.00769,1663609997,99011.11020854,14227711,buy,769000,761.3954375036726
0.00454,1663609997,99011.52214435,14227712,buy,454000,449.512310535349
0.00431,1663609997,99012.82863899,14227713,buy,430999,426.74529143404686
0.26566757,1663609997,99014.41057,14227714,buy,26566757,26304.917851114216
0.00154,1663610010,98998.28902114,14227715,buy,154000,152.4573650925556
0.00112669,1663610010,99000.2046,14227716,buy,112669,111.542540520774
0.00202025,1663610037,98997.5242,14227717,buy,202025,199.99974826505
0.00312,1663610048,98992.6836149,14227718,buy,312000,308.857172878488
0.00193084,1663610048,98994.29967077,14227719,buy,193084,191.14215357630954
0.0148854,1663610069,98601.44151466,14227720,sell,1488540,1467.7218975223198
0.00040398,1663610103,99014.41058,14227721,buy,40398,39.9998415861084
0.00016159,1663610107,99014.41057999,14227722,buy,16159,15.999738605620584
0.00015149,1663610123,99014.4006,14227723,buy,15149,14.999691546893999
0.00026703,1663610125,99014.4006,14227724,buy,26703,26.439815392218
0.00041862,1663610141,99014.4006,14227725,buy,41862,41.44940837917199
0.00504642,1663610190,99079.9993,14227726,buy,504642,499.999290067506
0.00020185,1663610199,99082.71961226,14227727,buy,20185,19.999846953734682
0.00070669,1663610301,99053.1735,14227728,buy,70669,69.999887180715
0.00050477,1663610302,99053.1735,14227729,buy,50477,49.999070387595
0.0016,1663610323,99042.40490092,14227730,buy,160000,158.467847841472
0.00397,1663610323,99042.89460467,14227731,buy,396999,393.20029158053984
0.00385,1663610323,99043.78208277,14227732,buy,385000,381.3185610186645
0.00067661,1663610323,99043.92078796,14227733,buy,67661,67.01410724434162
0.00553363,1663610329,98560.63104618,14227734,sell,553363,545.398064776073
0.00158,1663610358,99025.9079686,14227735,buy,158000,156.460934590388
0.00043966,1663610358,99026.73644541,14227736,buy,43966,43.53809494558896
0.00015361,1663610380,99013.98620501,14227737,buy,15360,15.209538420951585
0.00013507,1663610392,98840.80001,14227738,sell,13507,13.3504268573507
2.019e-05,1663610447,99048.4772,14227739,buy,2019,1.999788754668
0.00396446,1663610464,98856.88764626,14227740,sell,396446,391.91417679809194
0.01010484,1663610466,99015.83529442,14227741,buy,1010484,1000.539173116467
0.00024366,1663610511,98856.86668365,14227742,sell,24366,24.087464136138163
0.00013501,1663610515,99015.78199,14227743,buy,13501,13.3681207264699
0.00036986,1663610515,99042.42275,14227744,buy,36986,36.631830478315
0.0018951,1663610541,98917.80000001,14227745,sell,189510,187.45912278001896
0.00201934,1663610547,99042.42275,14227746,buy,201934,200.000325955985
0.0003655,1663610553,98921.09113134,14227747,sell,36550,36.15565880850477
0.00098308,1663610570,98930.6221359,14227748,sell,98308,97.25671600936059
0.00026162,1663610582,99034.5908,14227749,buy,26162,25.909429645096
0.01833,1663610630,98933.50566074,14227750,sell,1833000,1813.4511587613642
0.00057981,1663610630,98933.03050802,14227751,sell,57981,57.36236041885508
0.0103,1663610640,98933.50100239,14227752,sell,1030000,1019.015060324617
0.00517001,1663610640,98933.20286734,14227753,sell,517001,511.4856481561765
5.048e-05,1663610641,99030.37879999,14227754,buy,5048,4.999053521823495
5.048e-05,1663610643,99030.37879999,14227755,buy,5048,4.999053521823495
0.0097,1663610681,98932.46451728,14227756,sell,970000,959.644905817616
0.01523,1663610694,98932.64153496,14227757,sell,1523000,1506.7441305774407
0.01452,1663610702,98931.63067084,14227758,sell,1452000,1436.4872773405966
0.00396,1663610702,98929.64853866,14227759,sell,396000,391.7614082130936
0.01393,1663610714,98930.05614516,14227760,sell,1393000,1378.0956821020786
0.00315999,1663610714,98928.46298604,14227761,sell,315999,312.61295375125655
0.01092001,1663610715,98928.46298604,14227762,sell,1092001,1080.2998050921867
0.00712,1663610715,98926.39001584,14227763,sell,712000,704.3558969127808
0.00725999,1663610715,98925.46998974,14227764,sell,725999,718.1979228708125
0.01388,1663610724,98933.65472826,14227765,sell,1388000,1373.1991276282488
0.00040001,1663610724,98932.60892644,14227766,sell,40001,39.574032896665265
0.00664,1663610725,98932.31312058,14227767,sell,664000,656.9105591206512
0.00672,1663610725,98931.01343814,14227768,sell,672000,664.8164103043008
0.00897201,1663610725,98930.48471428,14227769,sell,897201,887.6052981613674
0.01373,1663610740,98933.01886212,14227770,sell,1373000,1358.3503489769075
0.01274,1663610740,98924.49173414,14227771,sell,1274000,1260.2980246929435
0.00238,1663610740,98923.13149302,14227772,sell,238000,235.43705295338762
0.0073,1663610752,98843.5471864,14227773,sell,730000,721.55789446072
0.01261,1663610763,98849.21408134,14227774,sell,1261000,1246.4885895656973
0.0079,1663610772,98854.27306031,14227775,sell,790000,780.9487571764491
0.0042,1663610772,98854.2730603,14227776,sell,420000,415.18794685326
0.00013025,1663610782,98856.82584158,14227777,sell,13025,12.876101565865794
0.01274,1663610795,98847.31579964,14227778,sell,1274000,1259.3148032874135
0.00208,1663610795,98846.97806854,14227779,sell,207999,205.6017143825632
0.01407,1663610811,98855.35147064,14227780,sell,1407000,1390.8947951919047
0.00586,1663610811,98854.2847062,14227781,sell,586000,579.286108378332
0.01041,1663610811,98853.89340396,14227782,sell,1041000,1029.0690303352237
0.00350789,1663610817,98856.25985084,14227783,sell,350789,346.7768853681631
0.00226591,1663610834,98984.51164574,14227784,buy,226591,224.28999478319872
0.0082,1663610837,98849.44235,14227785,sell,820000,810.5654272700001
0.00017295,1663610838,98982.81271521,14227786,buy,17295,17.11907745909557
0.0077,1663610846,98854.48268651,14227787,sell,770000,761.179516686127
0.0051,1663610846,98854.4826865,14227788,sell,510000,504.15786170115007
0.00505167,1663610857,98977.15989999,14227789,buy,505167,499.99994935198254
0.0084,1663610859,98856.65348227,14227790,sell,840000,830.395889251068
0.00119998,1663610859,98844.69081378,14227791,sell,119998,118.61165208271973
0.00132897,1663610867,98848.02852872,14227792,sell,132897,131.36606447381303
0.0061,1663610870,98848.62246963,14227793,sell,610000,602.976597064743
0.00605,1663610870,98848.62246962,14227794,sell,605000,598.034165941201
0.0045,1663610870,98848.02852873,14227795,sell,449999,444.816128379285
0.00253999,1663610870,98848.02852872,14227796,sell,253999,251.07300398266352
0.00057916,1663610871,98969.4089577,14227797,buy,57916,57.31912289194153
0.00031221,1663610876,98969.40895769,14227798,buy,31221,30.899239170680396
0.00555,1663610885,98843.3026225,14227799,sell,555000,548.5803295548751
0.02016723,1663610885,98795.03532112,14227800,sell,2016723,1992.4222001791509
0.0051,1663610887,98844.8864649,14227801,sell,510000,504.10892097099
0.00076,1663610890,98844.8864649,14227802,sell,76000,75.12211371332401
0.00202098,1663610894,98961.80127548,14227803,buy,202098,199.99982114171956
0.00378,1663610905,98957.16057044,14227804,buy,378000,374.0580669562632
0.011,1663610905,98957.81596999,14227805,buy,1100000,1088.53597566989
0.00543065,1663610905,98957.81597,14227806,buy,543065,537.4052632974805
0.0103,1663610923,98948.2195812,14227807,buy,1030000,1019.16666168636
0.00759,1663610923,98948.21958121,14227808,buy,759000,751.0169866213839
0.00383,1663610923,98950.06259956,14227809,buy,383000,378.9787397563148
0.00677248,1663610923,98951.04957528,14227810,buy,677248,670.1440042275923
0.00122179,1663610927,98765.11114937,14227811,sell,122179,120.67022515118877
5.053e-05,1663610933,98944.23916003,14227812,buy,5053,4.999652404756316
0.00383984,1663610937,98770.12121555,14227813,sell,383984,379.2614622483175
0.00276525,1663610941,98940.04179,14227814,buy,276525,273.5939505597975
0.0056,1663610941,98940.04180225,14227815,buy,560000,554.0642340925999
0.00355986,1663610941,98940.04180226,14227816,buy,355986,352.2126972101933
0.00381,1663610946,98937.69965028,14227817,buy,381000,376.9526356675668
0.05,1663610946,98938.1208,14227818,buy,5000000,4946.906040000001
0.00779,1663610946,98938.1308101,14227819,buy,779000,770.728039010679
0.00389,1663610946,98939.58626754,14227820,buy,389000,384.8749905807306
0.00925,1663610946,98941.06561624,14227821,buy,925000,915.2048569502199
0.00896,1663610946,98941.90625205,14227822,buy,895999,886.519480018368
0.01533,1663610946,98942.07873696,14227823,buy,1533000,1516.7820670375968
0.01298,1663610946,98942.22953212,14227824,buy,1298000,1284.2701393269176
0.01258,1663610946,98942.26154871,14227825,buy,1258000,1244.6936502827716
0.00763,1663610946,98942.43274989,14227826,buy,763000,754.9307618816606
0.0155,1663610946,98942.81242145,14227827,buy,1550000,1533.613592532475
0.00896,1663610946,98942.84985892,14227828,buy,895999,886.5279347359232
0.01584,1663610946,98944.05554135,14227829,buy,1584000,1567.273839774984
0.13360265,1663610946,99030.37882,14227830,buy,13360264,13230.721040855871
0.0041,1663610952,98934.53091327,14227831,buy,410000,405.6315767444071
0.00374,1663610952,98934.53091328,14227832,buy,374000,370.0151456156672
0.00226768,1663610952,98935.16194728,14227833,buy,226768,224.35328804460792
0.01588585,1663610957,98775.84402,14227834,sell,1588585,1569.138241725117
0.00589195,1663610957,98775.84401081,14227835,sell,589195,581.982334119492
0.00303234,1663610969,98933.46979999,14227836,buy,303234,299.9999178133017
0.00101079,1663610971,98932.47067913,14227837,buy,101078,99.99995203775781
0.00780683,1663610985,98773.56840195,14227838,sell,780683,771.1084570073954
0.00045485,1663610997,98932.45069999,14227839,buy,45485,44.99942520089046
0.00404858,1663611016,98799.99,14227840,buy,404858,399.99966351420005
0.00392742,1663611046,98773.09790758,14227841,sell,392742,387.9234401841878
0.00673,1663611069,98775.3665289,14227842,sell,673000,664.758216739497
0.00101214,1663611077,98799.94999,14227843,buy,101213,99.99938138287858
0.01569999,1663611078,98774.43252772,14227844,sell,1569999,1550.7576029408788
0.00101214,1663611121,98799.90998999,14227845,buy,101213,99.99934089726847
0.00057985,1663611132,98774.1437094,14227846,sell,57985,57.274187229895595
0.0072,1663611139,98799.88998999,14227847,buy,720000,711.359207927928
0.00267845,1663611139,98799.88999,14227848,buy,267845,264.6305653437155
0.0149,1663611140,98775.85332752,14227849,sell,1490000,1471.7602145800481
0.00719,1663611140,98774.14836776,14227850,sell,719000,710.1861267641945
0.00050607,1663611146,98799.88999,14227851,buy,50606,49.99966032723929
0.00101214,1663611147,98799.88999,14227852,buy,101213,99.99932065447858
0.00506073,1663611148,98799.88999,14227853,buy,506073,499.9995672690927
0.01276,1663611152,98772.8859522,14227854,sell,1276000,1260.3420247500721
0.00231,1663611152,98768.9263462,14227855,sell,231000,228.15621985972197
0.00645,1663611167,98775.83469408,14227856,sell,645000,637.104133776816
0.00579999,1663611167,98774.69572506,14227857,sell,579999,572.8922474583907
0.00099659,1663611168,98774.69572506,14227858,sell,99659,98.43787401263755
0.00167216,1663611175,98799.87998999,14227859,buy,167216,165.20920732406168
0.01518611,1663611176,98774.15,14227860,sell,1518611,1499.9951070564998
0.0022789,1663611176,98773.84790354,14227861,sell,227890,225.0957219873773
0.01227,1663611190,98774.2601684,14227862,sell,1227000,1211.9601722662678
0.011445,1663611190,98772.84635614,14227863,sell,1144500,1130.4552265460222
0.00025303,1663611195,98799.86999,14227864,buy,25303,24.999331103569702
0.00607,1663611200,98774.74463784,14227865,sell,607000,599.5626999516888
0.00568999,1663611200,98774.53501164,14227866,sell,568999,562.0261164708814
0.00197348,1663611200,98800,14227867,buy,197348,194.979824
0.00708502,1663611227,98800,14227868,buy,708502,699.999976
5.06e-05,1663611227,98800,14227869,buy,5060,4.99928
0.00561,1663611232,98771.511736,14227870,sell,561000,554.10818083896
0.00012,1663611235,98771.511736,14227871,sell,12000,11.85258140832
0.02597,1663611235,98759.4,14227872,sell,2597000,2564.781618
0.00607287,1663611246,98799.99,14227873,buy,607287,599.9994952713
0.12580448,1663611255,98720.3,14227874,sell,12580448,12419.456006944
0.00372,1663611259,98773.98112918,14227875,buy,372000,367.43920980054963
0.00535535,1663611259,98774.99999,14227876,buy,535535,528.9746961964465
0.00999999,1663611259,98775,14227877,buy,999999,987.7490122500001
0.00117249,1663611259,98795.14426988,14227878,buy,117249,115.8363187049916
0.00161946,1663611282,98798.040008,14227879,buy,161946,159.9994738713557
0.01148,1663611287,98631.36144672,14227880,sell,1148000,1132.2880294083457
0.01157,1663611287,98630.3971662,14227881,sell,1157000,1141.153695212934
0.00392172,1663611287,98630.18288164,14227882,sell,392172,386.7999608105852
0.00541,1663611303,98635.18596886,14227883,sell,541000,533.6163560915326
0.00580391,1663611303,98626.19998385,14227884,sell,580391,572.4175883482669
0.0053,1663611310,98786.98327548,14227885,buy,530000,523.571011360044
0.00483564,1663611310,98786.98327549,14227886,buy,483564,477.6982878062905
0.00253065,1663611311,98788.84769999,14227887,buy,253065,249.99999743197972
0.00326771,1663611331,98799.99,14227888,buy,326771,322.8497153229
0.00050607,1663611335,98799.99,14227889,buy,50606,49.9997109393
0.00558,1663611371,98760.9429357,14227890,sell,558000,551.086061581206
0.00234038,1663611371,98760.54930428,14227891,sell,234038,231.1372143807508
0.00286232,1663611377,98800,14227892,buy,286232,282.797216
0.009,1663611377,99004.55307712,14227893,buy,899999,891.04097769408
0.00385,1663611377,99005.74744722,14227894,buy,385000,381.172127671797
0.00895,1663611377,99006.18863291,14227895,buy,895000,886.1053882645444
0.0073,1663611377,99006.39094458,14227896,buy,730000,722.746653895434
0.01669,1663611377,99017.82063433,14227897,buy,1669000,1652.6074263869677
0.0018535,1663611377,99018.1691954,14227898,buy,185350,183.53017660367388
0.00102125,1663611386,99001.29902797,14227899,buy,102125,101.10507663231436
0.01,1663611391,98895.7,14227900,sell,1000000,988.957
1.01e-05,1663611396,99001.07452655,14227901,buy,1010,0.9999108527181549
0.00039328,1663611404,99012.2604566,14227902,buy,39328,38.93954179237164
0.00089343,1663611408,99010.96127443,14227903,buy,89343,88.459363131414
5.917e-05,1663611408,99010.96127443,14227904,buy,5917,5.858478578608023
0.00010099,1663611419,99015.99031653,14227905,buy,10099,9.999624862066364
0.00072077,1663611493,99001.29,14227906,sell,72077,71.3571597933
0.0011691,1663611498,99001.29,14227907,sell,116910,115.74240813899999
0.00088473,1663611498,98931.06978353,14227908,sell,88473,87.5272853695825
0.00100989,1663611525,99020.29465383,14227909,buy,100989,99.99960536795639
0.01083393,1663611552,98928.03019854,14227910,sell,1083393,1071.7793542088684
0.00362,1663611553,99012.63073639,14227911,buy,362000,358.4257232657318
0.00343,1663611553,99013.90310617,14227912,buy,343000,339.6176876541631
0.00687,1663611553,99014.32479194,14227913,buy,687000,680.2284113206279
0.00627912,1663611553,99015.14354517,14227914,buy,627912,621.7279681373478
0.01585415,1663611563,98890.10001,14227915,sell,1585415,1567.8184790735415
0.12166869,1663611563,98890.1,14227916,sell,12166869,12031.828920969001
0.00050502,1663611588,99004.07342792,14227917,buy,50502,49.99903716256816
0.00011364,1663611627,98991.7755,14227918,buy,11364,11.24942536782
6.8e-05,1663611682,98970.479,14227919,buy,6800,6.7299925720000005
0.0021762,1663611682,98970.479,14227920,buy,217620,215.37955639980004
0.00050522,1663611691,98965.07996558,14227921,buy,50522,49.999137700210326
6.659e-05,1663611692,98963.56140931,14227922,buy,6659,6.589983554245952
0.00101002,1663611749,99007.27607,14227923,buy,101002,99.9993289762214
0.00707,1663611766,99001.61589803,14227924,buy,707000,699.941424399072
0.00678,1663611766,99002.62777657,14227925,buy,678000,671.2378163251446
0.00324,1663611766,99002.75664335,14227926,buy,324000,320.768931524454
0.00671,1663611766,99002.99307988,14227927,buy,671000,664.3100835659948
0.00707,1663611766,99003.79777177,14227928,buy,707000,699.9568502464139
0.00814,1663611766,99003.97061352,14227929,buy,814000,805.8923207940527
0.00353,1663611766,99004.05582552,14227930,buy,353000,349.48431706408564
0.05,1663611766,99004.4212,14227931,buy,5000000,4950.22106
0.00797,1663611766,99005.48185732,14227932,buy,797000,789.0736904028404
0.01167,1663611766,99014.74963412,14227933,buy,1167000,1155.5021282301805
0.01485,1663611766,99019.3369903,14227934,buy,1485000,1470.4371543059551
0.01469,1663611766,99020.36317359,14227935,buy,1469000,1454.609135020037
0.01423,1663611766,99021.65016831,14227936,buy,1423000,1409.0780818950514
0.01131,1663611766,99027.92183008,14227937,buy,1131000,1120.005795898205
0.01119,1663611766,99028.672577,14227938,buy,1119000,1108.13084613663
0.2455848,1663611766,99030.37882,14227939,buy,24558480,24320.355776433935
0.08078288,1663611766,99166.97337,14227940,buy,8078288,8010.993709711906
0.00050495,1663611770,99018.29130709,14227941,buy,50495,49.99928619551509
0.00202014,1663611772,99002.81001911,14227942,buy,202014,199.9995366320049
0.00010084,1663611793,99163.8602122,14227943,buy,10084,9.999683663798248
1.1e-05,1663611795,98999.99,14227944,sell,1100,1.08899989
1.1e-05,1663611801,98899.99,14227945,sell,1100,1.08789989
0.012989,1663611801,98838.47714818,14227946,sell,1298900,1283.81297967771
0.01705,1663611802,98839.81875586,14227947,sell,1705000,1685.218909787413
0.004061,1663611802,98838.47714818,14227948,sell,406100,401.383055698759
0.01376,1663611802,98837.78538172,14227949,sell,1376000,1360.007926852467
0.00718,1663611802,98837.6479601,14227950,sell,718000,709.654312353518
0.008979,1663611802,98837.56410962,14227951,sell,897899,887.4624881402779
1.1e-05,1663611812,98799.99,14227952,sell,1100,1.08679989
0.01264,1663611812,98764.06503806,14227953,sell,1264000,1248.3777820810783
0.01361,1663611812,98762.4299537,14227954,sell,1361000,1344.1566716698571
0.015659,1663611812,98762.31815306,14227955,sell,1565900,1546.5191399587663
1.1e-05,1663611813,98762.31815306,14227956,sell,1100,1.08638549968366
0.00632,1663611813,98762.24827766,14227957,sell,632000,624.1774091148112
0.01334,1663611813,98761.91986328,14227958,sell,1334000,1317.484010976155
0.01033801,1663611813,98760.85076966,14227959,sell,1033801,1020.9906628652527
0.01517,1663611821,98761.2187801,14227960,sell,1517000,1498.207688894117
1.1e-05,1663611849,98699.99,14227961,sell,1100,1.0856998900000001
0.00506839,1663611849,98650.64,14227962,buy,506839,499.99991726959996
0.0112,1663611851,98620.5145294,14227963,sell,1120000,1104.54976272928
0.01041,1663611851,98620.47027498,14227964,sell,1041000,1026.639095562542
0.0027207,1663611863,98624.70938258,14227965,sell,272070,268.3282468171854
0.0030305,1663611866,98993.3931245,14227966,buy,303050,299.99947786379727
0.02435,1663611872,98616.59684864,14227967,sell,2435000,2401.314133264384
0.00041,1663611872,98614.74282136,14227968,sell,41000,40.4320445567576
0.0082,1663611875,98614.18381816,14227969,sell,820000,808.6363073089121
0.01848,1663611879,98615.0060187,14227970,sell,1848000,1822.405311225576
0.0179,1663611879,98614.6449958,14227971,sell,1790000,1765.20214542482
0.01121,1663611879,98614.50291582,14227972,sell,1121000,1105.4685776863423
0.01305,1663611879,98614.49825746,14227973,sell,1305000,1286.9192022598531
0.00536,1663611879,98614.39111518,14227974,sell,536000,528.5731363773648
0.01109,1663611879,98614.25602274,14227975,sell,1109000,1093.6320992921865
0.01974,1663611879,98613.55493956,14227976,sell,1974000,1946.6315745069144
0.00547,1663611879,98613.33133828,14227977,sell,547000,539.4149224203916
0.00784,1663611881,98613.33133828,14227978,sell,784000,773.1285176921151
1.1e-05,1663611881,98599.99,14227979,sell,1100,1.08459989
0.01808,1663611881,98590.22343846,14227980,sell,1808000,1782.5112397673568
0.009709,1663611881,98590.02778734,14227981,sell,970900,957.2105797872841
0.00784,1663611893,98522.22000001,14227982,sell,784000,772.4142048000783
0.00018943,1663611902,98979.40435939,14227983,buy,18943,18.749668567799247
0.0082,1663611908,98522.22000001,14227984,sell,820000,807.8822040000821
0.00050749,1663611908,98522.22,14227985,sell,50749,49.9990414278
0.00729251,1663611908,98500,14227986,sell,729251,718.312235
0.0003789,1663611922,98970.39052138,14227987,buy,37890,37.49988096855088
0.00101045,1663611931,98965.03291836,14227988,buy,101045,99.99921751235685
0.0094,1663611981,98610.00001001,14227989,sell,940000,926.934000094094
0.00142434,1663611981,98610.00001,14227990,sell,142434,140.45416741424341
0.01082434,1663611989,98610.00000001,14227991,sell,1082434,1067.3881674001082
0.11144157,1663612006,98610,14227992,sell,11144157,10989.253217700001
0.00050544,1663612023,98923.21025,14227993,buy,50544,49.99974738876001
0.0004549,1663612027,98921.11643768,14227994,buy,45490,44.99921586750063
0.05929851,1663612028,98610,14227995,sell,5929851,5847.4260711
0.00015164,1663612037,98915.98308373,14227996,buy,15164,14.999619674816817
0.0067267,1663612037,98610,14227997,sell,672670,663.319887
0.1771,1663612037,98587.8,14227998,sell,17710000,17459.899380000003
0.01437,1663612037,98515.79649876,14227999,sell,1437000,1415.6719956871814
0.0039846,1663612037,98512.01391044,14228000,sell,398459,392.5309706275392
0.01495394,1663612050,98500,14228001,sell,1495394,1472.96309
0.0056514,1663612076,98500,14228002,sell,565140,556.6629
0.00101152,1663612084,98860.2981181,14228003,buy,101151,99.99916875242052
0.00060201,1663612100,98850.94698453,14228004,buy,60201,59.50925859415691
0.001,1663612105,98551.6,14228005,sell,100000,98.55160000000001
0.0003035,1663612117,98844.1512624,14228006,buy,30350,29.9991999081384
9.004e-05,1663612124,98841.05563999,14228007,buy,9004,8.899648649824698
0.00011129,1663612140,98833.85286716,14228008,buy,11129,10.999219485586238
0.0004047,1663612145,98549.7,14228009,sell,40470,39.88306359
0.00182,1663612180,98534.1,14228010,sell,182000,179.332062
0.00435,1663612235,98617.54408352,14228011,sell,434999,428.98631676331195
0.0081272,1663612235,98614.6,14228012,sell,812719,801.46057712
0.00151837,1663612240,98790.0675,14228013,buy,151837,149.999874789975
0.0026,1663612245,98717.1,14228014,sell,260000,256.66446
2.121e-05,1663612266,98986.09698476,14228015,buy,2121,2.0994951170467595
0.00010183,1663612278,98982.28209,14228016,buy,10183,10.0793657852247
0.00040413,1663612293,98976.59056085,14228017,buy,40413,39.999409543356315
1.014e-05,1663612306,98805.2,14228018,sell,1014,1.0018847279999998
0.00526,1663612338,98962.6091104,14228019,buy,526000,520.543323920704
0.01124141,1663612338,98984.60237567,14228020,buy,1124141,1112.7264989918806
0.00252571,1663612351,98981.87969367,14228021,buy,252571,249.99952336109925
0.00522,1663612366,98977.02908031,14228022,buy,522000,516.6600917992182
0.00993427,1663612366,98984.54875089,14228023,buy,993427,983.339233119504
0.0045,1663612376,98888.35537954,14228024,sell,449999,444.9975992079299
0.01058,1663612376,98886.85074024,14228025,sell,1058000,1046.2228808317393
0.01971,1663612376,98886.67139338,14228026,sell,1970999,1949.0562931635197
0.00929,1663612376,98886.66673502,14228027,sell,929000,918.6571339683358
0.01081,1663612376,98884.38645682,14228028,sell,1081000,1068.940217598224
0.01035,1663612376,98883.0611534,14228029,sell,1035000,1023.43968293769
0.01047,1663612376,98882.9214026,14228030,sell,1047000,1035.3041870852219
0.003173,1663612376,98882.75836,14228031,sell,317300,313.75499227628
0.00025035,1663612379,98999.99999,14228032,buy,25035,24.784649997496498
0.00505063,1663612403,98997.4406355,14228033,buy,505063,499.9994435968754
7.282e-05,1663612437,99000,14228034,buy,7282,7.20918
0.00020202,1663612438,99000,14228035,buy,20202,19.99998
8.585e-05,1663612448,99000,14228036,buy,8585,8.49915
0.0050505,1663612455,99000,14228037,buy,505050,499.9995
0.00035285,1663612466,99191.61502,14228038,buy,35285,34.999761359806996
0.01367,1663612482,99185.12399853,14228039,buy,1367000,1355.8606450599052
0.00649441,1663612482,99185.19712323,14228040,buy,649441,644.1493360490762
0.0089,1663612489,99183.55667999,14228041,buy,890000,882.733654451911
0.00118231,1663612489,99183.55668,14228042,buy,118231,117.2657108983308
0.00529478,1663612495,99133.3,14228043,sell,529478,524.889014174
0.00308463,1663612514,99114.2,14228044,sell,308463,305.730634746
0.2,1663612530,99150.7,14228045,sell,20000000,19830.14
0.00088858,1663612538,99065.86086008,14228046,sell,88858,88.0279426430499
2.016e-05,1663612562,99180.47758818,14228047,buy,2016,1.999478428177709
0.00201652,1663612567,99180.47757999,14228048,buy,201652,199.99941664960141
0.00020589,1663612577,99178.71026999,14228049,buy,20589,20.41990465748824
0.00018098,1663612581,99178.70029999,14228050,buy,18098,17.94936118029219
0.00066254,1663612585,99178.70028999,14228051,buy,66254,65.70985609012997
0.00020167,1663612628,99169.73737999,14228052,buy,20167,19.999560937422583
0.0071,1663612647,99169.73734999,14228053,buy,710000,704.105135184929
0.01162286,1663612647,99169.73735,14228054,buy,1162286,1152.635973455821
0.00951005,1663612647,99185.39699741,14228055,buy,951005,943.2580847152191
2.44e-05,1663612697,99178.43500744,14228056,buy,2440,2.419953814181536
0.0059,1663612709,99150.00000001,14228057,sell,590000,584.985000000059
0.02154802,1663612709,99150,14228058,sell,2154802,2136.486183
0.01008219,1663612709,99184.73400013,14228059,buy,1008219,999.9993332887707
1.008e-05,1663612731,99200,14228060,buy,1008,0.999936
0.13556857,1663612757,99200,14228061,buy,13556857,13448.402144
0.00570453,1663612764,99200,14228062,buy,570453,565.889376
3.622e-05,1663612778,99200,14228063,buy,3622,3.593024
0.02501017,1663612784,99300,14228064,buy,2501017,2483.509881
0.00503575,1663612815,99289.95997868,14228065,buy,503575,499.99941596263784
0.00060318,1663612848,99289.95997868,14228066,buy,60318,59.8897180599402
0.00256107,1663612917,99289.95997868,14228067,buy,256107,254.28853780259797
0.00221078,1663612917,99571.82505309,14228068,buy,221078,220.13139939087029
0.00314686,1663612922,99568.84156533,14228069,buy,314686,313.3292047682744
0.005022,1663612936,99561.79721922,14228070,buy,502200,499.99934563492286
0.00050222,1663612947,99557.07823859,14228071,buy,50222,49.999555832984676
0.0002009,1663612971,99548.247,14228072,buy,20090,19.9992428223
0.001028,1663612993,99365.1,14228073,sell,102800,102.14732280000001
0.00100457,1663612996,99544.22728999,14228074,buy,100457,99.99914440870525
0.00094185,1663613023,99538.12626252,14228075,buy,94185,93.74998422035446
0.01791614,1663613052,99383.4,14228076,sell,1791614,1780.566908076
0.00200907,1663613063,99529.22917628,14228077,buy,200907,199.96118846118887
0.00010047,1663613069,99526.48943752,14228078,buy,10047,9.999426393787635
1.007e-05,1663613079,99383.4,14228079,sell,1007,1.000790838
0.01790607,1663613079,99367.1,14228080,sell,1790607,1779.274248297
0.0067,1663613095,99524.79979999,14228081,buy,670000,666.816158659933
0.01339549,1663613095,99524.7998,14228082,buy,1339549,1333.183460472902
0.0090603,1663613134,99365.10000001,14228083,sell,906030,900.2776155300907
2.56e-05,1663613135,99365.10000001,14228084,sell,2560,2.543746560000256
0.00030146,1663613139,99513.61658682,14228085,buy,30145,29.999374856262754
0.0124,1663613152,99365.10000001,14228086,sell,1240000,1232.127240000124
0.12338851,1663613152,99365.1,14228087,sell,12338851,12260.511635001001
0.05371149,1663613157,99365.1,14228088,sell,5371149,5337.047574999
0.00447032,1663613157,99278.68300406,14228089,sell,447032,443.8074822067095
0.00040275,1663613161,99315.42,14228090,buy,40275,39.999285405
0.002,1663613171,99335.20001001,14228091,sell,200000,198.67040002002
0.01581075,1663613171,99335.20001,14228092,sell,1581074,1570.5640135581073
0.1771,1663613171,99335.2,14228093,sell,17710000,17592.26392
7.537e-05,1663613183,99504.82646131,14228094,buy,7537,7.499678770388935
0.00031316,1663613194,99329.3,14228095,sell,31316,31.105963588
9.276e-05,1663613203,99501.02647108,14228096,buy,9276,9.22971521545738
0.00507,1663613206,99499.25441585,14228097,buy,507000,504.46121988835944
0.00623657,1663613206,99499.88816325,14228098,buy,623657,620.53801752228
0.0041407,1663613248,99357,14228099,sell,414070,411.4075299
1.958e-05,1663613287,99577.15286324,14228100,buy,1958,1.949720653062239
0.0115,1663613307,99572.72636999,14228101,buy,1150000,1145.0863532548851
0.00858458,1663613307,99587.1056779,14228102,buy,858458,854.9134756603868
0.00136694,1663613307,99572.7164,14228103,buy,136694,136.109928955816
1.908e-05,1663613315,99571.01741944,14228104,buy,1908,1.8998150123629152
0.00011177,1663613320,99400,14228105,buy,11177,11.109938
4.024e-05,1663613325,99400,14228106,buy,4024,3.9998560000000003
0.00025153,1663613349,99391.01784935,14228107,buy,25153,24.999822719647007
0.00481,1663613358,99396.28039026,14228108,buy,481000,478.0961086771506
0.00502,1663613358,99398.13532015,14228109,buy,502000,498.978639307153
0.00023063,1663613358,99400,14228110,buy,23063,22.924622
0.00479,1663613390,99384.37812659,14228111,buy,479000,476.05117122636614
0.00024103,1663613390,99400,14228112,buy,24103,23.958382
0.00100605,1663613394,99398.293757,14228113,buy,100605,99.99965343422987
0.001,1663613443,99383.38,14228114,buy,100000,99.38338
5.023e-05,1663613453,99526.61583594,14228115,buy,5023,4.999221913439266
0.00075442,1663613480,99586.04,14228116,buy,75442,75.1297002968
0.0001172,1663613508,99522.00000001,14228117,sell,11720,11.663978400001172
0.00256661,1663613534,99742.19109999,14228118,buy,256661,255.99930509914532
0.00506,1663613592,99697.84282135,14228119,buy,506000,504.471084676031
0.00998537,1663613592,99698.6518,14228120,buy,998537,995.5279267241662
0.00111337,1663613596,99696.52657674,14228121,buy,111337,110.99912179474501
0.0088,1663613611,99540.44477645,14228122,sell,880000,875.95591403276
0.0088,1663613620,99537.68935648,14228123,sell,880000,875.931666337024
0.0124,1663613640,99692.49740577,14228124,buy,1240000,1236.186967831548
0.01697,1663613640,99692.49740578,14228125,buy,1697000,1691.7816809760866
0.01234,1663613640,99692.75577972,14228126,buy,1234000,1230.2086063217448
0.00976,1663613640,99693.75515062,14228127,buy,976000,973.0110502700511
0.01609,1663613640,99693.81121289,14228128,buy,1609000,1604.0734224154
0.01133,1663613640,99693.99402464,14228129,buy,1133000,1129.532952299171
0.01697,1663613640,99694.60339714,14228130,buy,1697000,1691.8174196494658
0.00955,1663613640,99694.6862718,14228131,buy,955000,952.08425389569
0.01234,1663613640,99695.66614278,14228132,buy,1234000,1230.2445202019053
0.01592,1663613640,99695.75632991,14228133,buy,1592000,1587.1564407721671
0.10184899,1663613649,99697,14228134,sell,10184899,10154.03875603
0.00110357,1663613652,99697,14228135,sell,110356,110.02261829
4.794e-05,1663613658,99696.52,14228136,sell,4794,4.7794511688
0.01071,1663613658,99538.26233476,14228137,sell,1071000,1066.0547896052797
0.01244,1663613658,99537.76389025,14228138,sell,1244000,1238.24978279471
0.00553,1663613658,99537.59153093,14228139,sell,553000,550.442881166043
0.01786,1663613658,99537.14432836,14228140,sell,1786000,1777.7333977045096
0.01355,1663613658,99536.83221825,14228141,sell,1355000,1348.7240765572874
0.01037,1663613658,99536.58765434,14228142,sell,1037000,1032.1944139755058
0.01786,1663613658,99536.18703538,14228143,sell,1786000,1777.716300451887
0.01355,1663613658,99536.07989311,14228144,sell,1355000,1348.7138825516404
0.00103462,1663613658,99535.73284529,14228145,sell,103462,102.98165991639394
0.0031,1663613662,99695.71056779,14228146,buy,310000,309.056702760149
0.00415,1663613662,99695.7105678,14228147,buy,415000,413.73719885636996
0.001,1663613662,99696.5,14228148,buy,100000,99.6965
0.00178049,1663613662,99696.52000001,14228149,buy,178049,177.50865689481782
0.00746951,1663613663,99696.52000001,14228150,buy,746951,744.6841531052747
0.01384,1663613663,99696.52000001,14228151,buy,1384000,1379.7998368001383
0.00394,1663613663,99696.52000001,14228152,buy,394000,392.8042888000394
0.15,1663613663,99700,14228153,buy,15000000,14955.0
0.06206623,1663613663,99829.83673896,14228154,buy,6206623,6196.061607902741
0.04339033,1663613663,99829.83949685,14228155,buy,4339033,4331.649679615355
0.00110357,1663613665,99539.78328931,14228156,sell,110356,109.84911864458383
0.00100308,1663613679,99692.03258091,14228157,buy,100308,99.9990840412592
0.0017,1663613691,99691.70329999,14228158,buy,170000,169.47589560998298
0.00130927,1663613691,99691.7033,14228159,buy,130927,130.52335637959098
0.00023071,1663613694,99691.70329,14228160,buy,23071,22.9998728660359
0.00150276,1663613721,99816.3333,14228161,buy,150276,149.99999302990798
0.00929,1663613741,99602.96736724,14228162,sell,929000,925.3115668416596
0.00871,1663613741,99602.93941708,14228163,sell,871000,867.5416023227668
0.01446857,1663613802,99910.46737,14228164,buy,1446857,1445.5615908755608
0.01076,1663613802,99912.39766883,14228165,buy,1076000,1075.057398916611
0.00957,1663613802,99937.65807539,14228166,buy,957000,956.4033877814824
0.01112,1663613802,99938.85488298,14228167,buy,1112000,1111.3200662987376
0.00453,1663613802,99938.95238258,14228168,buy,453000,452.7234542930874
0.00937,1663613802,99939.19613158,14228169,buy,937000,936.4302677529046
0.01529,1663613802,99939.22538146,14228170,buy,1529000,1528.0707560825233
0.01172,1663613802,99939.53006771,14228171,buy,1172000,1171.2912923935612
0.01562,1663613802,99939.72506691,14228172,buy,1562000,1561.0585055451343
0.1771,1663613802,99940.8,14228173,buy,17710000,17699.51568
0.01923,1663613802,99987.00100656,14228174,buy,1923000,1922.750029356149
0.02051,1663613802,99987.37881751,14228175,buy,2051000,2050.7411395471304
0.0617294,1663613802,99988.58023204,14228176,buy,6172940,6172.23506457569
0.0617294,1663613802,99988.58372404,14228177,buy,6172940,6172.235280134754
0.17806558,1663613802,99988.58400171,14228178,buy,17806558,17804.52520364321
0.17806558,1663613802,99988.58721605,14228179,buy,17806558,17804.52577600653
0.20859189,1663613802,99988.59043038,14228180,buy,20859189,20856.809056308877
0.20859189,1663613802,99988.59246682,14228181,buy,20859189,20856.809481093747
0.20859928,1663613802,99988.5926733,14228182,buy,20859928,20857.548439863654
0.20859925,1663613802,99988.59450328,14228183,buy,20859925,20857.54582193833
0.20859924,1663613802,99988.59588342,14228184,buy,20859924,20857.54510994854
0.5997,1663613802,99988.6,14228185,buy,59970000,59963.163420000004
0.05,1663613802,100000,14228186,sell,5000000,5000.0
0.01577354,1663613812,100000.00001,14228187,sell,1577354,1577.3540001577353
0.48457645,1663613812,100000,14228188,sell,48457645,48457.645
0.09999992,1663613812,100000,14228189,sell,9999992,9999.992
0.0025,1663613816,100000,14228190,sell,250000,250.0
5.281e-05,1663613820,100000,14228191,sell,5281,5.281
0.50034999,1663613821,100000,14228192,sell,50034999,50034.999
0.15000008,1663613825,100000,14228193,sell,15000008,15000.008000000002
0.0038484,1663613832,100095.99999,14228194,buy,384840,385.209446361516
0.25127,1663613833,100000,14228195,sell,25127000,25127.0
0.15,1663613835,100000,14228196,sell,15000000,15000.0
0.08991,1663613841,100000,14228197,sell,8991000,8991.0
0.01241,1663613841,100090.88614598,14228198,buy,1241000,1242.1278970716116
0.01202,1663613841,100091.4175188,14228199,buy,1202000,1203.0988385759758
0.00768,1663613841,100091.45164366,14228200,buy,768000,768.7023486233088
0.0038,1663613841,100091.49308099,14228201,buy,380000,380.347673707762
0.00875,1663613841,100091.57595565,14228202,buy,875000,875.8012896119376
0.00529436,1663613841,100091.76851736,14228203,buy,529436,529.9218555675701
0.15,1663613846,100000,14228204,sell,15000000,15000.0
0.08991,1663613856,100000,14228205,sell,8991000,8991.0
0.15,1663613856,100000,14228206,sell,15000000,15000.0
0.15212999,1663613861,100000,14228207,sell,15212999,15212.999
0.00299754,1663613867,100081.96221735,14228208,buy,299754,299.9996850249953
0.00054307,1663613868,100000,14228209,sell,54307,54.307
0.15,1663613868,100000,14228210,sell,15000000,15000.0
0.1,1663613871,100000,14228211,sell,10000000,10000.0
0.15,1663613876,100000,14228212,sell,15000000,15000.0
0.09999999,1663613882,100000,14228213,sell,9999999,9999.999
0.15,1663613888,100000,14228214,sell,15000000,15000.0
0.15,1663613897,100000,14228215,sell,15000000,15000.0
0.3,1663613901,100000,14228216,sell,30000000,30000.0
0.00099937,1663613906,100062.60853696,14228217,buy,99937,99.99956909358173
0.07110003,1663613911,100050,14228218,sell,7110002,7113.5580015
0.07286778,1663613914,100050,14228219,sell,7286777,7290.421388999999
1.12713222,1663613914,100000,14228220,sell,112713222,112713.22200000001
0.0100654,1663613917,100000,14228221,sell,1006540,1006.5400000000001
0.0096,1663613932,99711.50039151,14228222,sell,959999,957.2304037584959
0.01441,1663613932,99711.5003915,14228223,sell,1441000,1436.842720641515
0.01279,1663613932,99710.55474442,14228224,sell,1279000,1275.297995181132
0.0124,1663613932,99709.55785538,14228225,sell,1240000,1236.398517406712
0.01963457,1663613932,99709.05941086,14228226,sell,1963457,1957.7445066366895
0.00200127,1663613973,99936.23737539,14228227,buy,200127,199.99939377224675
0.04803273,1663613993,99931.8472,14228228,buy,4803273,4799.999434958856
0.00049928,1663614031,100143.70317857,14228229,buy,49927,49.99974812299642
0.00765,1663614105,100120.16863271,14228230,buy,765000,765.9192900402315
0.00852,1663614105,100120.66100569,14228231,buy,852000,853.0280317684787
0.00733,1663614105,100121.61406428,14228232,buy,733000,733.8914310911724
0.00908,1663614105,100121.86025077,14228233,buy,908000,909.1064910769916
0.00358,1663614105,100122.0966873,14228234,buy,358000,358.43710614053396
0.00773,1663614105,100122.23806172,14228235,buy,773000,773.9449002170956
0.00861,1663614105,100122.3404363,14228236,buy,861000,862.0533511565429
0.01622,1663614105,100192.90201479,14228237,buy,1621999,1625.1288706798937
0.01222,1663614105,100193.35782542,14228238,buy,1222000,1224.3628326266323
0.01235,1663614105,100193.41632518,14228239,buy,1235000,1237.3886916159731
0.01639,1663614105,100194.3376964,14228240,buy,1638999,1642.185194843996
0.01606,1663614105,100194.5083207,14228241,buy,1606000,1609.1238036304421
0.07390655,1663614105,100200,14228242,buy,7390655,7405.43631
0.0025433,1663614198,99982.59073284,14228243,sell,254330,254.285723010832
0.00199601,1663614229,100199.99,14228244,buy,199601,200.0001820399
9.98e-05,1663614231,100200,14228245,buy,9980,9.99996
0.02096067,1663614235,100200,14228246,buy,2096067,2100.259134
0.00013882,1663614249,100199.99,14228247,buy,13882,13.909762611800002
0.00087501,1663614263,100156.65673181,14228248,sell,87501,87.63807620690106
0.00046027,1663614316,100200,14228249,buy,46027,46.119054
0.0008274,1663614329,100185.48499267,14228250,sell,82740,82.89347028293516
0.20519481,1663614343,100200,14228251,buy,20519481,20560.519962000002
0.0010479,1663614366,100200,14228252,buy,104790,104.99958000000001
0.000998,1663614412,100200,14228253,buy,99800,99.9996
0.01,1663614418,100199.99999999,14228254,buy,1000000,1001.9999999999001
0.03047534,1663614418,100200,14228255,buy,3047534,3053.629068
0.01623299,1663614461,100200,14228256,buy,1623299,1626.545598
9.99e-06,1663614461,100200,14228257,buy,998,1.0009979999999998
7.438e-05,1663614461,100200,14228258,buy,7438,7.452876
0.00898203,1663614503,100200,14228259,buy,898203,899.999406
0.00349301,1663614534,100200,14228260,buy,349301,349.999602
0.01428708,1663614561,100200,14228261,buy,1428708,1431.5654160000001
0.0001996,1663614605,100199.99999001,14228262,sell,19960,19.999919998005996
0.01147929,1663614606,100200,14228263,buy,1147929,1150.224858
0.01498844,1663614607,100200,14228264,buy,1498844,1501.841688
0.1499961,1663614611,100200,14228265,buy,14999610,15029.609219999998
0.0130091,1663614612,100200,14228266,buy,1300910,1303.51182
9.98e-06,1663614618,100200,14228267,buy,997,0.9999959999999999
0.0076004,1663614621,100199.99999001,14228268,sell,760040,761.5600799240719
0.0053996,1663614621,100199.99999,14228269,sell,539960,541.039919946004
9.191e-05,1663614651,100200,14228270,buy,9191,9.209382
0.00036357,1663614653,100200,14228271,buy,36357,36.429714000000004
0.01258782,1663614655,100200,14228272,buy,1258782,1261.299564
0.01197604,1663614659,100200,14228273,buy,1197604,1199.999208
0.15005854,1663614659,100200,14228274,buy,15005853,15035.865708
0.01143393,1663614661,100200,14228275,buy,1143393,1145.679786
0.03716878,1663614661,100200,14228276,buy,3716878,3724.311756
0.01576566,1663614661,100399.99999,14228277,buy,1576566,1582.8722638423435
0.03018374,1663614661,100400,14228278,buy,3018374,3030.4474960000002
0.000498,1663614684,100400,14228279,buy,49799,49.999199999999995
0.01423202,1663614685,100400,14228280,buy,1423202,1428.894808
0.01614,1663614695,100210.80273683,14228281,sell,1614000,1617.4023561724364
0.00383078,1663614695,100210.31593821,14228282,sell,383078,383.8836740897761
0.04980079,1663614706,100400,14228283,buy,4980079,4999.999315999999
0.05261466,1663614710,100400,14228284,buy,5261466,5282.511864
5.067e-05,1663614712,100450.20000001,14228285,sell,5067,5.089811634000506
0.00465605,1663614754,100943.72519998,14228286,buy,465605,469.9990317173669
0.00274281,1663614808,100943.72519998,14228287,buy,274281,276.86945891575715
0.0156,1663614871,100955.1746077,14228288,sell,1560000,1574.9007238801198
0.00033008,1663614871,100953.6140571,14228289,sell,33008,33.322768927967566
0.0007429,1663614885,100955.16999999,14228290,buy,74290,74.99959579299258
0.0001534,1663614886,100943.69640866,14228291,sell,15339,15.484763029088443
0.00623999,1663614888,100940,14228292,sell,623999,629.8645906
0.00220001,1663614903,100944.49997576,14228293,sell,220001,222.07890939167177
0.00198019,1663614916,100999.98999999,14228294,buy,198019,199.9991701980802
0.00608,1663614919,100923.27324736,14228295,sell,608000,613.6135013439489
6.999e-05,1663614919,100922.19017866,14228296,sell,6999,7.063544090604414
0.01271,1663614921,100921.52403318,14228297,sell,1271000,1282.7125704617179
0.02724,1663614921,100920.78102476,14228298,sell,2724000,2749.0820751144624
0.01477,1663614921,100920.45493956,14228299,sell,1477000,1490.5951194573013
0.02826999,1663614921,100915,14228300,sell,2826999,2852.86604085
0.00099012,1663614922,100997.01138722,14228301,buy,99012,99.99916091471427
0.00265217,1663614924,100915,14228302,sell,265217,267.64373555000003
0.00622001,1663614926,100866.17001398,14228303,sell,622001,627.3885861486557
9.9e-06,1663614927,100995.27345685,14228304,buy,990,0.999853207222815
9.9e-06,1663614966,100979.01514373,14228305,buy,990,0.9996922499229269
0.0089,1663614968,100977.57946212,14228306,buy,890000,898.7004572128681
0.00179544,1663614968,100977.67208674,14228307,buy,179544,181.29935157141645
9.9e-06,1663614980,100976.23367379,14228308,buy,990,0.9996647133705211
9.9e-06,1663614993,101000,14228309,buy,990,0.9999
9.9e-06,1663615005,100995.58326812,14228310,buy,990,0.999856274354388
9.9e-06,1663615016,100989.31160635,14228311,buy,990,0.9997941849028651
9.9e-06,1663615026,100986.39859466,14228312,buy,990,0.999765346087134
9.9e-06,1663615040,100983.7927,14228313,buy,990,0.9997395477300001
9.9e-06,1663615051,100978.91284502,14228314,buy,990,0.999691237165698
9.9e-06,1663615063,100975.27832264,14228315,buy,990,0.999655255394136
9.9e-06,1663615074,100971.78025181,14228316,buy,990,0.9996206244929191
0.01911,1663615121,100817.53020662,14228317,sell,1910999,1926.6230022485079
0.00950369,1663615121,100816.22120746,14228318,sell,950369,958.1261133271255
0.00749999,1663615157,100819.41218406,14228319,sell,749999,756.1445831863281
0.10009,1663615183,100804,14228320,sell,10009000,10089.47236
0.01164,1663615191,100805.048131,14228321,sell,1164000,1173.3707602448399
0.03,1663615195,100755.34,14228322,buy,3000000,3022.6602
0.00953,1663615199,100753.45338274,14228323,buy,953000,960.1804107375123
0.00166561,1663615199,100755.33999,14228324,buy,166561,167.8191018407439
0.04968409,1663615212,100635.83,14228325,sell,4968409,4999.9996349447
0.01573568,1663615212,100541.00001,14228326,sell,1573567,1582.0810030373566
0.1771,1663615212,100541,14228327,sell,17710000,17805.8111
0.00748023,1663615212,100441.00000001,14228328,sell,748023,751.3217814300748
0.00544,1663615213,100637.65837616,14228329,sell,544000,547.4688615663105
0.0128,1663615221,100479.00000001,14228330,sell,1280000,1286.131200000128
0.03282463,1663615221,100479,14228331,sell,3282463,3298.18599777
0.00099701,1663615242,100285.27017561,14228332,sell,99701,99.98541721778493
0.00497126,1663615249,100578.0098349,14228333,buy,497126,499.999437171845
0.00342634,1663615283,100742.77959401,14228334,buy,342634,345.17901543414024
0.00081158,1663615287,100740.95635149,14228335,buy,81158,81.75934535574225
0.00283348,1663615316,100727.6208437,14228336,buy,283348,285.4096991082071
0.0078,1663615330,100721.53909999,14228337,buy,780000,785.6280049799219
0.03489196,1663615330,100721.5391,14228338,buy,3489196,3514.371913415636
0.0073,1663615386,100522.25422643,14228339,sell,730000,733.812455852939
0.01163412,1663615386,100522.25422642,14228340,sell,1163412,1169.4879683406775
0.00049516,1663615405,100976.19279999,14228341,buy,49516,49.99937162684306
0.00099039,1663615421,100969.89673848,14228342,buy,99039,99.99957603082322
1.832e-05,1663615424,100968.69043581,14228343,buy,1832,1.8497464087840392
0.0082,1663615439,100964.37362998,14228344,buy,820000,827.907863765836
0.01217986,1663615439,100964.37362999,14228345,buy,1217986,1229.7319358009702
0.00148567,1663615442,100964.37362999,14228346,buy,148567,149.99974097086724
0.00139992,1663615444,100517.15883412,14228347,sell,139992,140.71598099506127
0.0071,1663615451,100513.14935001,14228348,sell,710000,713.6433603850711
0.00718992,1663615451,100513.14935,14228349,sell,718992,722.6815027745521
0.0111,1663615458,100515.82790701,14228350,sell,1110000,1115.725689767811
0.00179,1663615458,100515.827907,14228351,sell,179000,179.92333195352998
0.0045,1663615488,100529.60966507,14228352,sell,449999,452.383243492815
0.00571,1663615488,100529.60966506,14228353,sell,571000,574.0240711874925
0.01309899,1663615488,100528.05377282,14228354,sell,1309899,1316.8159710896314
0.00035018,1663615493,100863.60095965,14228355,buy,35018,35.32041578405023
0.0003905,1663615495,100529.46525591,14228356,sell,39050,39.25675618243286
0.00320009,1663615501,100519.56857008,14228357,sell,320009,321.6716661854273
0.0055,1663615509,100523.11591122,14228358,sell,550000,552.87713751171
0.00450009,1663615509,100522.21684774,14228359,sell,450009,452.3590228143463
0.0003,1663615512,100854.518,14228360,buy,29999,30.256355399999997
0.008,1663615512,100863.5812454,14228361,buy,800000,806.9086499632
0.00996,1663615512,100863.58124541,14228362,buy,996000,1004.6012692042835
0.00822,1663615512,100863.78355708,14228363,buy,822000,829.1003008391975
0.00402,1663615512,100863.88105668,14228364,buy,402000,405.4728018478536
0.00848,1663615512,100863.95661887,14228365,buy,848000,855.3263521280176
0.00965,1663615512,100864.31980488,14228366,buy,965000,973.340686117092
0.01921914,1663615512,100936,14228367,buy,1921914,1939.9031150399999
0.0053,1663615517,100527.09647984,14228368,sell,530000,532.793611343152
0.00274508,1663615517,100526.40937174,14228369,sell,274508,275.95303583817605
0.0004079,1663615558,100565.92307243,14228370,sell,40790,41.0208400212442
0.00026674,1663615570,100569.55659323,14228371,sell,26674,26.82592352567817
0.00619999,1663615602,100568.61793368,14228372,sell,619999,623.5244255026366
0.0009917,1663615604,100836.0570487,14228373,buy,99170,99.9991177751958
0.00619999,1663615611,100569.49836372,14228374,sell,619999,623.5298841600804
0.01208851,1663615643,100561.5465432,14228375,sell,1208851,1215.6392610029386
0.00579999,1663615685,100565.95801013,14228376,sell,579999,583.2815507991738
0.00999,1663615702,100569.80581548,14228377,sell,999000,1004.6923600966452
0.00552,1663615709,100569.51000962,14228378,sell,552000,555.1436952531024
0.00447,1663615709,100568.4292701,14228379,sell,447000,449.54087883734695
0.00572879,1663615722,100803.05529999,14228380,buy,572879,577.4795351720297
0.0076,1663615751,100570.65596619,14228381,sell,760000,764.3369853430439
0.00229857,1663615751,100570.65596618,14228382,sell,229857,231.1686926841824
0.00496072,1663615752,100791.67490922,14228383,buy,496072,499.99927755566586
6.647e-05,1663615753,100791.67490922,14228384,buy,6647,6.699622631215854
0.00344848,1663615774,100783.28969999,14228385,buy,344848,347.5491588646215
0.0062,1663615808,100556.87420813,14228386,sell,620000,623.452620090406
0.0066,1663615808,100556.87420813,14228387,sell,660000,663.675369773658
0.00534,1663615808,100556.87420812,14228388,sell,534000,536.9737082713608
0.00281001,1663615808,100552,14228389,sell,281001,282.55212552
0.00049623,1663615843,100758.86087,14228390,buy,49622,49.999569529520095
6.501e-05,1663615856,100752.53314,14228391,buy,6501,6.5499221794314
0.00056205,1663615889,100562.42309,14228392,sell,56205,56.5211098977345
0.00154063,1663615889,100552,14228393,sell,154063,154.91342776000002
2.978e-05,1663615921,100725.65222,14228394,buy,2978,2.9996099231116
0.00099286,1663615937,100718.73927889,14228395,buy,99285,99.99960748043873
0.00019857,1663615937,100718.73927889,14228396,buy,19857,19.99972005860919
5.143e-05,1663615943,100716.93553628,14228397,buy,5143,5.17987199463088
0.00015658,1663615977,100561.4789485,14228398,sell,15658,15.745916373756128
0.00227389,1663615994,100697.41690706,14228399,sell,227389,228.97484933079468
0.00015491,1663616017,100934.8483769,14228400,buy,15491,15.635817362065579
0.0177842,1663616036,100928.1475,14228401,buy,1778420,1794.9263607695002
0.00152888,1663616055,100706.73362706,14228402,sell,152888,153.9685109077395
0.00018398,1663616071,100988.29026803,14228403,buy,18398,18.579825643512162
0.00424,1663616074,100986.77414925,14228404,buy,424000,428.18392239282
0.00414602,1663616074,100988.29026803,14228405,buy,414602,418.6994712170578
0.00151616,1663616074,100989.26499457,14228406,buy,151616,153.11588401416722
0.01012,1663616079,100849.31675232,14228407,sell,1012000,1020.5950855334784
0.01633,1663616079,100849.26551036,14228408,sell,1633000,1646.8685057841788
0.00969,1663616079,100848.98367958,14228409,sell,969000,977.2266518551302
0.02238,1663616079,100848.9231209,14228410,sell,2238000,2256.998899445742
0.02108,1663616079,100848.70650716,14228411,sell,2108000,2125.890733170933
0.01227,1663616079,100848.14750396,14228412,sell,1227000,1237.4067698735892
0.01633,1663616079,100847.43011652,14228413,sell,1633000,1646.8385338027717
0.01189,1663616079,100847.37654538,14228414,sell,1189000,1199.075307124568
0.0049,1663616079,100847.34626604,14228415,sell,490000,494.15199670359596
0.02261,1663616079,100847.24844048,14228416,sell,2261000,2280.1562872392533
0.50466841,1663616079,100846,14228417,sell,50466840,50893.79047486
0.00680225,1663616091,100809.00767195,14228418,sell,680225,685.728072436522
0.00976,1663616095,100810.8061994,14228419,sell,976000,983.913468506144
0.00945,1663616095,100810.79579778,14228420,sell,945000,952.6620202890209
0.00788,1663616095,100810.64905944,14228421,sell,788000,794.3879145883872
0.00389,1663616095,100810.43011652,14228422,sell,389000,392.1525731532628
0.0137,1663616095,100810.37887456,14228423,sell,1370000,1381.102190581472
0.00672,1663616095,100810.23679458,14228424,sell,672000,677.4447912595776
0.016,1663616116,100809,14228425,sell,1600000,1612.944
0.00019803,1663616157,100992.61928028,14228426,buy,19803,19.99956839607385
0.00198037,1663616171,100990.9835,14228427,buy,198037,199.999513993895
0.006,1663616173,100990.00385351,14228428,buy,600000,605.94002312106
0.04801963,1663616173,100990.9835,14228429,buy,4801963,4849.549661006105
0.0499901,1663616173,101000,14228430,buy,4999010,5049.0001
0.02,1663616173,101000,14228431,buy,2000000,2020.0
0.01151,1663616173,101342.76795715,14228432,buy,1151000,1166.4552591867964
0.01213,1663616173,101343.8282653,14228433,buy,1213000,1229.300636858089
0.01188,1663616173,101343.91113996,14228434,buy,1188000,1203.9656643427247
0.01856,1663616173,101346.6362138,14228435,buy,1856000,1880.993568128128
0.01336,1663616173,101346.95796248,14228436,buy,1336000,1353.9953583787328
0.02493,1663616173,101346.99208734,14228437,buy,2493000,2526.580512737386
0.02493,1663616173,101348.0987078,14228438,buy,2493000,2526.608100785454
0.02021,1663616173,101348.46676879,14228439,buy,2020999,2048.252513397246
0.0144,1663616173,101348.62764313,14228440,buy,1440000,1459.420238061072
0.01381,1663616173,101348.76658006,14228441,buy,1381000,1399.6264664706284
0.02519,1663616173,101348.88601707,14228442,buy,2519000,2552.9784387699933
0.02021,1663616173,101348.90064201,14228443,buy,2020999,2048.261281975022
1.93772236,1663616173,101349.99994,14228444,buy,193772236,196388.16106973664
0.00010144,1663616174,100893.79113942,14228445,sell,10144,10.234666173182767
0.02263,1663616202,101016.98032411,14228446,sell,2263000,2286.0142647346092
0.00049,1663616202,101016.23032815,14228447,sell,49000,49.497952860793504
0.00048278,1663616208,101019.06959857,14228448,sell,48278,48.76998642079762
0.00498,1663616217,101023.59985367,14228449,sell,498000,503.09752727127665
0.00028,1663616217,101022.58670637,14228450,sell,27999,28.286324277783596
0.01275,1663616219,101023.44379861,14228451,sell,1275000,1288.0489084322774
0.01735,1663616219,101022.86154961,14228452,sell,1735000,1752.7466478857334
0.01195,1663616219,101022.58670637,14228453,sell,1195000,1207.2199111411214
0.00935,1663616219,101021.89726909,14228454,sell,935000,944.5547394659916
0.01081,1663616230,101026.957615,14228455,sell,1081000,1092.1014118181502
0.00486,1663616230,101026.29612788,14228456,sell,486000,490.9877991814968
0.00011,1663616242,101014.61952956,14228457,sell,11000,11.111608148251602
0.00867,1663616246,101015.92387036,14228458,sell,867000,875.8080599560212
0.00255,1663616246,101015.76315694,14228459,sell,255000,257.590196050197
0.00915999,1663616256,101021.23440076,14228460,sell,915999,925.3534968986177
9.88e-06,1663616305,101331.5628,14228461,buy,988,1.001155840464
0.0003244,1663616305,101382.76472392,14228462,buy,32440,32.88856887643965
0.04656611,1663616321,101135.9826,14228463,sell,4656611,4709.509290709686
0.00883,1663616328,101139.44040218,14228464,sell,882999,893.0612587512493
0.02609458,1663616328,101139.11229,14228465,sell,2609458,2639.1826567803882
0.01164153,1663616335,101143.2102787,14228466,sell,1164153,1177.4617167557944
1.025e-05,1663616358,101386.15556488,14228467,buy,1025,1.03920809454002
1.97e-05,1663616379,101334,14228468,sell,1970,1.9962798000000002
0.00295852,1663616431,101401.97,14228469,buy,295852,299.9997562844
0.00073963,1663616464,101401.97,14228470,buy,73963,74.9999390711
0.19723,1663616476,101401.97,14228471,buy,19723000,19999.510543099997
0.00567598,1663616486,101339.49773728,14228472,sell,567598,575.2009623668465
0.00098619,1663616558,101399.99999999,14228473,buy,98619,99.99966599999014
0.0005581,1663616606,101364.94311382,14228474,sell,55809,56.571774751822936
0.55364372,1663616617,101400,14228475,buy,55364371,56139.473207999996
0.02498365,1663616617,101401.97,14228476,buy,2498365,2533.3913277905
0.01569857,1663616617,101484.4878,14228477,buy,1569856,1593.161335642446
0.02289,1663616617,101486.85949141,14228478,buy,2289000,2323.034213758375
0.00528,1663616617,101488.19036095,14228479,buy,528000,535.857645105816
0.01035,1663616617,101488.41461003,14228480,buy,1035000,1050.4050912138105
0.01725,1663616617,101489.71866718,14228481,buy,1725000,1750.6976470088553
0.01669,1663616617,101489.93560379,14228482,buy,1669000,1693.867025227255
0.00517,1663616617,101489.95997869,14228483,buy,517000,524.7030930898273
0.01057,1663616617,101490.33291466,14228484,buy,1057000,1072.7528189079562
0.01228,1663616617,101490.55960123,14228485,buy,1228000,1246.3040719031042
0.01035,1663616617,101490.97641202,14228486,buy,1035000,1050.431605864407
0.01282,1663616617,101492.97271633,14228487,buy,1282000,1301.1399102233506
0.02337,1663616617,101498.89581703,14228488,buy,2337000,2372.029195243991
0.00528068,1663616617,101500,14228489,buy,528068,535.98902
0.0001,1663616617,101920,14228490,buy,10000,10.192
0.01025651,1663616617,101928.8700564,14228491,buy,1025651,1045.4344750221671
0.05,1663616617,102000,14228492,buy,5000000,5100.0
0.00989352,1663616617,102000,14228493,buy,989351,1009.1390399999999
0.06965171,1663616617,102108,14228494,buy,6965171,7111.99680468
0.00064391,1663616632,101368.78393164,14228495,sell,64391,65.27237366142232
0.0013442,1663616657,101480,14228496,sell,134420,136.409416
0.00245004,1663616659,102038.98999998,14228497,buy,245004,249.999607059551
0.00049,1663616664,102038.97999999,14228498,buy,49000,49.9991001999951
5.076e-05,1663616677,102036.40138562,14228499,buy,5076,5.179367734334072
0.00049002,1663616683,102034.612,14228500,buy,49002,49.99900057223999
0.0511,1663616711,101633.02,14228501,sell,5110000,5193.447322
0.02854992,1663616716,101633.02,14228502,sell,2854992,2901.6145903584
0.00245078,1663616719,102007.98999999,14228503,buy,245078,249.99914173217547
0.00014704,1663616729,102007.98999998,14228504,buy,14704,14.999254849597058
0.1357423,1663616747,101633.02,14228505,sell,13574230,13795.899890746
0.00993,1663616766,101633.02,14228506,sell,993000,1009.2158886
7e-05,1663616797,101633.02,14228507,sell,6999,7.1143114
0.00548,1663616828,101563.09776092,14228508,sell,548000,556.5657757298416
0.01235,1663616828,101557.41922008,14228509,sell,1235000,1254.234127367988
0.00473999,1663616828,101557.36564894,14228510,sell,473999,481.3808976023192
2.002e-05,1663616858,101557.36564894,14228511,sell,2002,2.033178460291779
0.00514,1663616879,101564.69790758,14228512,sell,513999,522.0425472449612
0.01051,1663616879,101559.3151726,14228513,sell,1051000,1067.388402464026
0.00691999,1663616879,101558.34157536,14228514,sell,691999,702.7827081180754
0.000355,1663616893,101558.34157536,14228515,sell,35500,36.0532112592528
0.01119501,1663616905,101558.34157536,14228516,sell,1119501,1136.9466495195709
0.01108,1663616905,101557.64282136,14228517,sell,1108000,1125.2586824606688
0.00029498,1663616905,101553.88352484,14228518,sell,29498,29.956364562157304
0.00274,1663616930,101553.62635242,14228519,sell,274000,278.2569362056308
0.0003,1663616955,101775.008,14228520,buy,29999,30.5325024
0.00080359,1663616955,102000.88496668,14228521,buy,80359,81.96689115037438
8.324e-05,1663617009,101993.19956071,14228522,buy,8324,8.489913931433499
0.00017044,1663617025,101969.99999997,14228523,buy,17044,17.379766799994886
2.412e-05,1663617063,101453.0364,14228524,sell,2412,2.447047237968
0.00066618,1663617084,101360.64124164,14228525,sell,66618,67.52443198235574
0.00948,1663617117,101954.50731356,14228526,buy,948000,966.5287293325488
0.00918,1663617117,101954.7169377,14228527,buy,918000,935.944301488086
0.00968,1663617117,101956.00636991,14228528,buy,967999,986.9341416607288
0.00464,1663617117,101956.26474381,14228529,buy,464000,473.0770684112784
0.01079,1663617117,101956.55236767,14228530,buy,1079000,1100.1112000471592
0.00479,1663617117,101957.64923813,14228531,buy,479000,488.3771398506427
0.0109,1663617117,101957.96367438,14228532,buy,1090000,1111.341804050742
0.01548,1663617117,101958.21961083,14228533,buy,1548000,1578.3132395756484
0.01581,1663617117,101959.63335503,14228534,buy,1581000,1611.9818033430245
0.01564,1663617117,101962.39015622,14228535,buy,1564000,1594.691782043281
0.01564,1663617117,101964.33527324,14228536,buy,1564000,1594.7222036734736
0.01413635,1663617117,102006.97,14228537,sell,1413635,1442.0062303595
0.04478601,1663617117,102006.97,14228538,sell,4478601,4568.4851784897
0.00991,1663617117,101360.1128224,14228539,sell,991000,1004.478718069984
0.00971,1663617117,101358.5755636,14228540,sell,971000,984.1917687225559
0.00991,1663617117,101351.54579374,14228541,sell,991000,1004.3938188159635
0.00455,1663617117,101351.38508032,14228542,sell,455000,461.148802115456
0.02,1663617117,101349,14228543,sell,2000000,2026.98
0.00049399,1663617117,101316,14228544,sell,49399,50.049090840000005
2.711e-05,1663617120,101802.95606,14228545,buy,2711,2.7598781387866
0.04966289,1663617139,101802.95606,14228546,buy,4966289,5055.829008482613
9.808e-05,1663617140,101953.43969294,14228547,buy,9808,9.999593365083554
0.1771,1663617144,101454,14228548,sell,17710000,17967.5034
0.12457818,1663617144,101362.95579,14228549,sell,12457818,12627.612551738663
0.00961,1663617144,101357.69482894,14228550,sell,961000,974.0474473061134
0.00941,1663617144,101352.51939098,14228551,sell,941000,953.7272074691218
0.00541768,1663617144,101351.27793804,14228552,sell,541768,549.0887914593606
0.00049149,1663617247,101731.34494429,14228553,buy,49149,49.99993872666909
1.25e-05,1663617260,101436.74338,14228554,sell,1250,1.26795929225
2.377e-05,1663617298,101804.32505199,14228555,buy,2377,2.4198888064858024
0.04957706,1663617313,101565,14228556,sell,4957706,5035.2940989
1.925e-05,1663617313,101800.33975585,14228557,buy,1925,1.9596565403001125
2.367e-05,1663617314,101800.33975585,14228558,buy,2367,2.4096140420209693
0.04957706,1663617319,101565,14228559,sell,4957706,5035.2940989
0.01827,1663617332,101566.10868968,14228560,sell,1827000,1855.6128057604537
0.03130706,1663617332,101565.00249677,14228561,sell,3130705,3179.701627066528
0.00011111,1663617371,101586.85868564,14228562,sell,11111,11.28731586856146
0.00491144,1663617372,101803.3032,14228563,buy,491144,500.00081546860804
0.005,1663617378,101587.8648914,14228564,sell,500000,507.939324457
0.01188,1663617378,101586.58617158,14228565,sell,1188000,1206.8486437183703
0.01587479,1663617378,101585,14228566,sell,1587479,1612.6405421499999
0.00049369,1663617382,101589.41146692,14228567,sell,49369,50.153676547103736
0.00295449,1663617394,101540.11,14228568,buy,295449,299.99923959390003
0.02098,1663617400,101516.47179896,14228569,sell,2098000,2129.8155783421807
0.00686335,1663617400,101516.1643472,14228570,sell,686335,696.7409665723551
5.206e-05,1663617411,101796.6244774,14228571,buy,5206,5.299532270293444
0.00049118,1663617415,101795.10835862,14228572,buy,49118,49.999721323586975
0.00045551,1663617430,101554,14228573,sell,45551,46.25886254
0.00465893,1663617448,101573,14228574,sell,465893,473.22149689
0.13,1663617458,101573,14228575,sell,13000000,13204.49
0.12534107,1663617467,101548,14228576,sell,12534107,12728.13497636
0.00058947,1663617471,101785.45540233,14228577,buy,58947,59.99947239601147
0.0077,1663617486,101781.0752328,14228578,buy,770000,783.71427929256
0.0014846,1663617486,101803.32323,14228579,buy,148460,151.13721366725798
0.00993,1663617498,101561.78569928,14228580,sell,993000,1008.5085319938503
0.00481,1663617498,101561.11722462,14228581,sell,481000,488.5089738504222
0.01192,1663617498,101560.67933878,14228582,sell,1192000,1210.6032977182576
0.01192,1663617498,101560.56986732,14228583,sell,1192000,1210.6019928184544
0.00932,1663617498,101560.49766274,14228584,sell,932000,946.5438382167368
0.01621,1663617498,101560.45340832,14228585,sell,1620999,1646.294949748867
0.00451151,1663617498,101560.13198148,14228586,sell,451151,458.1895510357668
0.00080766,1663617574,101566.13470001,14228587,sell,80766,82.03090435181008
0.0048,1663617609,101569.84877949,14228588,sell,479999,487.53527414155195
0.00413,1663617609,101569.84877948,14228589,sell,413000,419.4834754592524
0.01570725,1663617609,101568.56308,14228590,sell,1570725,1595.36281243833
0.01014,1663617609,101567.94118106,14228591,sell,1014000,1029.8989235759484
0.00827,1663617609,101567.85267222,14228592,sell,827000,839.9661415992593
0.06870522,1663617609,101566.1547,14228593,sell,6870522,6978.125003217534
0.01393,1663617609,101561.6552652,14228594,sell,1393000,1414.7538578442359
0.01364,1663617609,101561.08927446,14228595,sell,1364000,1385.2932577036343
0.00971,1663617609,101560.79579778,14228596,sell,971000,986.1553271964437
0.00096761,1663617609,101560.43710406,14228597,sell,96761,98.2708945462595
0.00099352,1663617611,101567.73155486,14228598,sell,99351,100.9095726543845
0.0018,1663617638,101700.00000001,14228599,sell,180000,183.060000000018
0.00537647,1663617638,101700,14228600,sell,537647,546.786999
0.00019635,1663617641,101857.18301,14228601,buy,19635,19.999657884013498
0.0037,1663617658,101704.15991548,14228602,sell,370000,376.305391687276
0.0039,1663617658,101702.4689308,14228603,sell,390000,396.63962883011993
0.0074,1663617658,101701.79812696,14228604,sell,740000,752.5933061395041
0.00048907,1663617664,102233.90256931,14228605,buy,48907,49.99953472957244
0.003064,1663617668,101708.77169188,14228606,sell,306400,311.63567646392033
0.00054264,1663617708,101811.84392878,14228607,sell,54264,55.24717898951318
0.00019611,1663617747,101935.00001,14228608,sell,19611,19.9904728519611
0.01569907,1663617760,101880.481,14228609,buy,1569907,1599.4288028526698
0.00604,1663617760,101880.48101456,14228610,buy,604000,615.3581053279424
0.01891,1663617760,101882.37738178,14228611,buy,1891000,1926.5957562894596
0.00550081,1663617760,101882.64306819,14228612,buy,550081,560.4370618159302
0.0052,1663617762,101742.60944722,14228613,sell,520000,529.061569125544
0.00299344,1663617764,101879.28176948,14228614,buy,299344,304.96951722003223
0.01571301,1663617796,101703.94,14228615,buy,1571301,1598.0750262594
0.01326816,1663617803,101703.93999,14228616,buy,1326816,1349.4241484177182
0.00534,1663617804,101700.00001001,14228617,buy,534000,543.0780000534534
0.00237415,1663617804,101703.93999,14228618,buy,237414,241.4604091272585
0.01068,1663617804,102187.12370301,14228619,buy,1068000,1091.358481148147
0.0129,1663617804,102188.25226087,14228620,buy,1290000,1318.228454165223
0.01079,1663617804,102188.25226088,14228621,buy,1079000,1102.611241894895
0.00534,1663617804,102191.50119986,14228622,buy,534000,545.7026164072524
0.01352,1663617804,102191.66694918,14228623,buy,1352000,1381.6313371529136
0.01115,1663617804,102191.71837166,14228624,buy,1115000,1139.437659844009
0.01859,1663617804,102194.17024141,14228625,buy,1859000,1899.7896247878118
0.0178,1663617804,102194.20436627,14228626,buy,1780000,1819.056837719606
0.02492,1663617804,102196.39810727,14228627,buy,2492000,2546.7342408331683
0.02319929,1663617804,102197.56077,14228628,buy,2319929,2370.9108495958535
0.009,1663617807,102189.98020609,14228629,buy,899999,919.7098218548099
0.01281,1663617807,102189.9802061,14228630,buy,1281000,1309.053646440141
0.00448266,1663617807,102192.79305956,14228631,buy,448266,458.0955457363673
0.00184699,1663617809,101752.2117,14228632,sell,184699,187.93531748778298
0.0090276,1663617811,101752.21169,14228633,sell,902760,918.578266252644
0.14999992,1663617821,101700,14228634,sell,14999992,15254.991864000001
0.0018,1663617827,102183.84281999,14228635,buy,180000,183.930917075982
0.01521,1663617827,102193.8557652,14228636,buy,1521000,1554.3685461886919
0.01873,1663617827,102194.36032563,14228637,buy,1873000,1914.10036889905
0.00912,1663617827,102194.47732515,14228638,buy,912000,932.013633205368
0.00406657,1663617827,102195.70582011,14228639,buy,406657,415.5859914168847
0.00550204,1663617834,101700.02,14228640,sell,550204,559.5575780408
0.14449796,1663617834,101700,14228641,sell,14449796,14695.442532000001
0.00550204,1663617845,101700.02001,14228642,sell,550204,559.5575780958203
2.302e-05,1663617849,102056.53632671,14228643,buy,2302,2.3493414662408645
0.01379268,1663617857,101700,14228644,sell,1379268,1402.7155559999999
0.0113,1663617867,101700,14228645,sell,1130000,1149.21
0.00184607,1663617879,102042.42569,14228646,buy,184607,188.37746079353832
0.00109388,1663617879,102042.4256971,14228647,buy,109388,111.62216862154375
0.15,1663617881,101700,14228648,sell,15000000,15255.0
0.00123515,1663617888,101700.04003,14228649,sell,123515,125.6148044430545
0.00097918,1663617891,102038.01110394,14228650,buy,97918,99.91357971275599
0.0016709,1663617893,101700.04002,14228651,sell,167090,169.930596869418
0.01397305,1663617893,101700,14228652,sell,1397305,1421.059185
0.00053499,1663617898,102038.01109,14228653,buy,53499,54.58931555303911
0.09939,1663617898,101700,14228654,sell,9939000,10107.963
0.01494531,1663617907,101700.00001,14228655,sell,1494531,1519.938027149453
0.13505469,1663617907,101700,14228656,sell,13505469,13735.061973
0.15,1663617921,101700,14228657,sell,15000000,15255.0
0.0080819,1663617923,101700.05,14228658,sell,808190,821.929634095
0.0416181,1663617923,101700,14228659,sell,4161810,4232.56077
0.15,1663617937,101700,14228660,sell,15000000,15255.0
0.00497,1663617940,101700,14228661,sell,496999,505.44899999999996
0.15,1663617947,101700,14228662,sell,15000000,15255.0
0.15,1663617960,101700,14228663,sell,15000000,15255.0
0.00083411,1663617963,101904.50139,14228664,buy,83411,84.99956365441291
0.15,1663617970,101700,14228665,sell,15000000,15255.0
0.02857178,1663617979,101700,14228666,sell,2857178,2905.750026
0.15,1663617983,101700,14228667,sell,15000000,15255.0
0.15,1663617994,101700,14228668,sell,15000000,15255.0
0.15,1663618005,101700,14228669,sell,15000000,15255.0
0.15,1663618015,101700,14228670,sell,15000000,15255.0
0.00417,1663618022,101768.3612048,14228671,buy,417000,424.374066224016
0.00565623,1663618022,101768.3975,14228672,buy,565623,575.625462991425
0.14434377,1663618027,101700,14228673,sell,14434377,14679.761409
0.15,1663618038,101700,14228674,sell,15000000,15255.0
0.0081,1663618053,101700.00000001,14228675,sell,810000,823.7700000000809
0.1419,1663618053,101700,14228676,sell,14190000,14431.23
0.15,1663618065,101700,14228677,sell,15000000,15255.0
0.01424,1663618068,101762.19892667,14228678,buy,1424000,1449.0937127157806
0.00802,1663618068,101762.30861372,14228679,buy,801999,816.1337150820343
0.00941,1663618068,101762.30861372,14228680,buy,941000,957.5833240551052
0.01308,1663618068,101762.52798782,14228681,buy,1308000,1331.0538660806856
0.0081,1663618068,101762.74248694,14228682,buy,810000,824.278214144214
0.00819,1663618068,101763.84666991,14228683,buy,818999,833.4459042265628
0.01025,1663618068,101764.06604401,14228684,buy,1025000,1043.0816769511025
0.01681,1663618068,101764.12698126,14228685,buy,1680999,1710.6549745549803
0.00422,1663618068,101764.33173042,14228686,buy,422000,429.44547990237237
0.00994,1663618068,101764.34635536,14228687,buy,993999,1011.5376027722783
0.01719,1663618068,101764.42191755,14228688,buy,1719000,1749.3304127626845
0.00828,1663618068,101764.67297902,14228689,buy,827999,842.6114922662855
2.7371,1663618068,101765.65285,14228690,buy,273710000,278542.768415735
0.08310064,1663618068,101792,14228691,buy,8310064,8458.98034688
0.14999992,1663618078,101700,14228692,sell,14999992,15254.991864000001
0.11521166,1663618088,101700,14228693,sell,11521166,11717.025822
0.0072,1663618107,101516.47000001,14228694,sell,720000,730.918584000072
8e-08,1663618107,101516.47,14228695,sell,8,0.0081213176
0.0053146,1663618113,101516.47,14228696,sell,531460,539.5194314620001
0.00768532,1663618120,101516.47,14228697,sell,768532,780.1865572204
9.838e-05,1663618127,101641.33362267,14228698,buy,9838,9.999474401798276
0.15,1663618131,101516.47,14228699,sell,15000000,15227.4705
0.0054,1663618140,101516.47000001,14228700,sell,540000,548.188938000054
0.1446,1663618140,101516.47,14228701,sell,14460000,14679.281562
0.15,1663618151,101516.47,14228702,sell,15000000,15227.4705
0.04793091,1663618161,101516.47,14228703,sell,4793091,4865.7767870877
0.00021176,1663618192,101528.5021,14228704,buy,21176,21.499675604695998
0.002,1663618194,101500.00000001,14228705,sell,200000,203.00000000002
0.148,1663618194,101500,14228706,sell,14800000,15022.0
0.10381,1663618205,101500,14228707,sell,10381000,10536.715
0.00299,1663618212,101523.02992043,14228708,buy,299000,303.5538594620857
0.00632,1663618212,101523.31755433,14228709,buy,632000,641.6273669433656
0.00201536,1663618212,101523.80017735,14228710,buy,201536,204.6070059254241
0.00022724,1663618251,101687.34950581,14228711,buy,22724,23.10743330170026
0.00039359,1663618296,101620.19889281,14228712,buy,39359,39.99669408222109
0.00049203,1663618297,101618.87777324,14228713,buy,49202,49.99953643076728
0.00569599,1663618319,101321.6109623,14228714,sell,569599,577.1268828251511
9.88e-06,1663618327,101316,14228715,sell,988,1.0010020800000001
0.00127077,1663618351,101239.93238914,14228716,sell,127077,128.65266888214745
0.01241,1663618377,101235.89126184,14228717,sell,1241000,1256.3374105594344
0.01377,1663618377,101234.92465214,14228718,sell,1377000,1394.0049124599677
0.00049305,1663618448,101409.56384459,14228719,buy,49305,49.99998545357509
0.0006657,1663618476,101396.71094675,14228720,buy,66570,67.49979047725147
0.00095128,1663618551,101368.19697345,14228721,buy,95128,96.42953841690351
0.00071122,1663618575,101149.10867352,14228722,sell,71122,71.9392690707809
9.86e-06,1663618608,101350.37356898,14228723,buy,986,0.9993146833901428
4.93e-05,1663618664,101413.48312304,14228724,buy,4930,4.999684717965872
0.00197226,1663618783,101406.36807727,14228725,buy,197226,199.99972350407654
0.00039084,1663618863,101074.92538545,14228726,sell,39084,39.504123837649274
0.0032,1663618872,101076.31357673,14228727,sell,320000,323.444203445536
0.00391944,1663618872,101076.31357672,14228728,sell,391944,396.1625464851394
3.364e-05,1663618897,101362.24099999,14228729,buy,3364,3.409825787239664
0.00493548,1663618924,101307.26159835,14228730,buy,493548,499.99996347342443
0.0006319,1663618970,100985.9960911,14228731,sell,63190,63.81305092996609
0.00126047,1663618974,100987.65679644,14228732,sell,126047,127.29191176220874
0.00093331,1663619017,101256.63829891,14228733,buy,93331,94.50383309075569
0.00504499,1663619102,101073.10395052,14228734,sell,504499,509.9127986993339
1.302e-05,1663619108,101320.43331019,14228735,buy,1302,1.3191920416986738
0.00026715,1663619133,101399.98999,14228736,buy,26715,27.0890073258285
1.972e-05,1663619171,101395.66489257,14228737,buy,1972,1.9995225116814805
5.92e-05,1663619288,101229.87996444,14228738,sell,5920,5.992808893894848
0.00166942,1663619312,101400,14228739,buy,166942,169.279188
0.0684924,1663619414,101400,14228740,buy,6849239,6945.12936
0.03011651,1663619414,101435.05,14228741,buy,3011651,3054.8696976755
0.00288905,1663619473,101307.80197122,14228742,sell,288905,292.6833052849532
0.00594,1663619583,101314.38656308,14228743,sell,594000,601.8074561846952
0.0117,1663619612,101433.16400703,14228744,buy,1170000,1186.768018882251
0.00326,1663619612,101433.16400704,14228745,buy,326000,330.6721146629504
0.05,1663619612,101434.87,14228746,buy,5000000,5071.7435000000005
0.0378082,1663619612,101435.06,14228747,buy,3780820,3835.077035492
0.0081751,1663619612,101546,14228748,buy,817509,830.1487046
0.00295542,1663619639,101223.75457353,14228749,sell,295542,299.158708741702
0.00087789,1663619676,101504.24114496,14228750,buy,87789,89.10955825874893
0.01,1663619689,101504.22109999,14228751,buy,1000000,1015.0422109999
0.05,1663619689,101504.2211,14228752,buy,5000000,5075.211055
0.00669,1663619689,101594.31530204,14228753,buy,669000,679.6659693706476
0.0108,1663619689,101594.75405024,14228754,buy,1080000,1097.223343742592
0.00778,1663619689,101595.51454712,14228755,buy,778000,790.4131031765935
0.00691,1663619689,101595.51454712,14228756,buy,691000,702.0250055205992
0.00308496,1663619689,101595.72417126,14228757,buy,308496,313.4187452393702
5.602e-05,1663619696,101296.41764037,14228758,sell,5602,5.674625316213527
0.0023,1663619713,101590.16400447,14228759,buy,230000,233.657377210281
0.00307,1663619713,101590.16400448,14228760,buy,307000,311.8818034937536
0.01758213,1663619713,101590.6783,14228761,buy,1758213,1786.1805126587792
0.009,1663619727,101362.00000001,14228762,sell,899999,912.2580000000899
0.03,1663619727,101362,14228763,sell,3000000,3040.8599999999997
0.00491753,1663619751,101677.00608999,14228764,buy,491753,499.9997277577085
0.00890513,1663619806,101429.68754295,14228765,sell,890513,903.2445534293505
0.00019612,1663619830,101975.25140145,14228766,buy,19612,19.999386304852376
0.0035,1663619917,101950.50789999,14228767,buy,350000,356.826777649965
0.01432437,1663619917,101950.5079,14228768,buy,1432437,1460.3767968475229
0.00321,1663619917,101950.50790609,14228769,buy,321000,327.2611303785489
0.01321,1663619917,101983.19594394,14228770,buy,1321000,1347.1980184194472
0.01307,1663619917,101985.04599885,14228771,buy,1307000,1332.9445512049695
0.01038,1663619917,101985.43355976,14228772,buy,1038000,1058.608800350309
0.01083,1663619917,101986.61574241,14228773,buy,1083000,1104.5150484903002
0.00771,1663619917,101987.23486487,14228774,buy,771000,786.3215808081477
0.00779,1663619917,101989.12148213,14228775,buy,779000,794.4952563457927
0.00643,1663619917,101989.78204192,14228776,buy,643000,655.7942985295456
0.01027,1663619917,101989.80885431,14228777,buy,1027000,1047.4353369337637
0.01072,1663619917,101991.19334863,14228778,buy,1072000,1093.3455926973136
0.00724,1663619917,101993.48702672,14228779,buy,724000,738.4328460734528
0.00616,1663619917,101994.2718985,14228780,buy,616000,628.28471489476
0.0061,1663619917,101996.20726556,14228781,buy,610000,622.176864319916
0.00301,1663619917,101998.8300048,14228782,buy,301000,307.01647831444797
0.01321,1663619917,101998.97869169,14228783,buy,1321000,1347.406508517225
0.13717215,1663619917,102000,14228784,buy,13717215,13991.559299999999
2.457e-05,1663619970,101676.00001,14228785,sell,2457,2.4981793202457
0.0002925,1663619986,101948.5367,14228786,buy,29250,29.81994698475
0.00070895,1663620002,101688.0884442,14228787,sell,70895,72.09177030251558
0.001,1663620024,101948.49669999,14228788,buy,100000,101.94849669999
0.0005754,1663620024,101948.4967,14228789,buy,57540,58.66116500118
0.00014207,1663620070,101684.21501786,14228790,sell,14207,14.44627642758737
0.02943802,1663620231,101909,14228791,buy,2943802,2999.9991801799997
0.00705,1663620258,101698.36209768,14228792,sell,705000,716.973452788644
0.00207,1663620270,101904.22865278,14228793,buy,206999,210.9417533112546
0.05,1663620270,101905.7348,14228794,buy,5000000,5095.2867400000005
0.09511997,1663620270,101911,14228795,buy,9511997,9693.77126267
1.96e-05,1663620372,101990.73510051,14228796,buy,1959,1.999018407969996
0.00024512,1663620382,101990.7251,14228797,buy,24512,24.999966536511998
0.00201937,1663620497,101794.71815307,14228798,sell,201937,205.56119999676497
0.00085286,1663620528,101807.29574,14228799,sell,85286,86.8273702448164
0.000877,1663620548,101999.99999,14228800,buy,87700,89.45399999122999
0.00112417,1663620548,102000,14228801,buy,112417,114.66534
0.0001,1663620561,101874.74022859,14228802,sell,10000,10.187474022859
0.00084529,1663620595,101999.96999999,14228803,buy,84529,86.21955464129155
0.01403,1663620626,101801.05914,14228804,sell,1403000,1428.2688597342
0.00020647,1663620635,101999.93,14228805,buy,20647,21.059925547099997
1.002e-05,1663620657,101710.75069694,14228806,sell,1002,1.0191417219833387
0.01388,1663620666,101711.25845818,14228807,sell,1388000,1411.7522673995384
0.00274351,1663620666,101711.13967,14228808,sell,274351,279.0455287960417
0.01402992,1663620678,101702.98055246,14228809,sell,1402992,1426.8846809125694
0.00049029,1663620686,101980.36113176,14228810,buy,49029,49.99995125929061
0.01753,1663620691,101691.57719634,14228811,sell,1753000,1782.6533482518403
0.00519008,1663620691,101691.2091859,14228812,sell,519007,527.7855109715558
0.01568992,1663620706,101698.52979864,14228813,sell,1568992,1595.6417966582776
0.00231159,1663620712,101968.70963167,14228814,buy,231159,235.70984949747208
0.01374,1663620715,101700.06705744,14228815,sell,1374000,1397.3589213692255
0.00265007,1663620715,101700.03910728,14228816,sell,265007,269.5122226370295
0.02336992,1663620727,101696.84813068,14228817,sell,2336992,2376.647205066141
0.009,1663620736,101700.06472827,14228818,sell,899999,915.3005825544299
0.01908008,1663620736,101699.91566074,14228819,sell,1908008,1940.442526800172
0.0083,1663620749,101700.42109281,14228820,sell,830000,844.113495070323
0.00672992,1663620749,101700.4210928,14228821,sell,672992,684.4356979208566
0.0049,1663620759,101695.80232887,14228822,sell,490000,498.30943141146304
0.01665008,1663620759,101695.80232886,14228823,sell,1665008,1693.2432444397052
0.02496,1663620772,101700.29065872,14228824,sell,2496000,2538.4392548416513
0.00111,1663620772,101699.7689224,14228825,sell,111000,112.88674350386401
0.0009809,1663620786,101946.93762972,14228826,buy,98090,99.99975112099236
0.00162226,1663620816,101699.54067,14228827,sell,162226,164.9830968473142
0.01412,1663620816,101699.10976446,14228828,sell,1412000,1435.991429874175
0.00947774,1663620816,101698.23865114,14228829,sell,947774,963.8694643934556
0.00558,1663620826,101691.21617344,14228830,sell,558000,567.4369862477952
0.00564,1663620826,101689.4739468,14228831,sell,564000,573.5286330599521
0.00054,1663620826,101685.69601684,14228832,sell,54000,54.9102758490936
0.00537,1663620840,101698.7440832,14228833,sell,537000,546.1222557267839
0.0056,1663620849,101688.7169633,14228834,sell,560000,569.45681499448
0.0054,1663620861,101685.54694932,14228835,sell,540000,549.1019535263281
0.119901,1663620861,101684.21,14228836,sell,11990100,12192.03846321
0.024699,1663620867,101684.21,14228837,sell,2469900,2511.4983027900003
0.00536,1663620891,101688.60982102,14228838,sell,536000,545.0509486406672
0.0169,1663620891,101684.21,14228839,sell,1689999,1718.463149
2.944e-05,1663620893,101881.24139257,14228840,buy,2944,2.9993837465972604
0.00567,1663620908,101686.0500522,14228841,sell,567000,576.5599037959739
0.12786105,1663620908,101684.21,14228842,sell,12786105,13001.449859020502
0.00567,1663620936,101684.21,14228843,sell,567000,576.5494707
0.0087798,1663621069,101535.90207748,14228844,sell,877980,891.464913059859
0.0075,1663621094,101911.99787814,14228845,buy,750000,764.33998408605
0.01671,1663621094,101911.99787815,14228846,buy,1671000,1702.9494845438865
0.00326497,1663621094,101912.00031562,14228847,buy,326497,332.7396236704898
0.00130522,1663621122,101898.32355,14228848,buy,130522,132.999729863931
0.00120126,1663621138,101892.76851009,14228849,buy,120126,122.39970710043072
1.875e-05,1663621150,101610.32833359,14228850,sell,1874,1.9051936562548124
0.00026748,1663621213,101911.0079653,14228851,buy,26748,27.259156410558443
0.00076994,1663621254,101775.00000001,14228852,sell,76994,78.3606435000077
0.0011022,1663621291,101790.84774073,14228853,sell,110220,112.1938723798326
0.00114546,1663621366,101703.33610291,14228854,sell,114546,116.4971033724393
9.808e-05,1663621387,101948.55079999,14228855,buy,9808,9.99911386246302
0.0068,1663621391,101768.92545008,14228856,sell,680000,692.028693060544
0.00537,1663621458,101793.69197096,14228857,sell,537000,546.6321258840552
0.02376,1663621458,101793.1865389,14228858,sell,2376000,2418.6061121642642
0.01732,1663621458,101792.82784518,14228859,sell,1731999,1763.0517782785175
0.0112,1663621458,101792.75098224,14228860,sell,1120000,1140.078811001088
0.01358,1663621458,101792.73933634,14228861,sell,1358000,1382.3454001874973
0.00147722,1663621458,101792.33405902,14228862,sell,147722,150.36967171866553
7.842e-05,1663621492,101702.25556725,14228863,sell,7842,7.975490881583745
4.082e-05,1663621550,101855.95835707,14228864,buy,4082,4.157760220135597
0.00040679,1663621647,101674.00000001,14228865,sell,40679,41.35996646000407
