amount,date,price,tid,type,satoshi,volume
0.00095612,1665005150,104588.48600684,14286465,buy,95612,99.99914324085987
0.00013608,1665005168,104483.0875933,14286466,sell,13608,14.218058559696265
0.00478064,1665005213,104588.48600684,14286467,buy,478064,499.9998997437396
5.53e-05,1665005232,104462.58523834,14286468,sell,5530,5.776780963680203
0.0031,1665005309,104573.82312898,14286469,buy,310000,324.178851699838
0.00271,1665005309,104590.86494909,14286470,buy,271000,283.4412440120339
0.00047787,1665005339,104630.64182599,14286471,buy,47787,49.999844809385834
0.00095585,1665005361,104618.10825241,14286472,buy,95585,99.9992187730661
0.00047819,1665005496,104560.89695261,14286473,buy,47819,49.99997531376857
6.857e-05,1665005524,104563.34906755,14286474,buy,6857,7.169908845561904
1.64e-05,1665005525,104459.77699013,14286475,sell,1639,1.713140342638132
0.0121,1665005565,104474.93136171,14286476,sell,1210000,1264.146669476691
0.00666,1665005565,104439.25387642,14286477,sell,666000,695.5654308169572
0.0068,1665005565,104438.61335192,14286478,sell,680000,710.1825707930559
0.00842,1665005565,104437.69099664,14286479,sell,842000,879.3653581917089
0.00322,1665005565,104437.59550026,14286480,sell,322000,336.2890575108372
0.00825,1665005565,104437.34860718,14286481,sell,825000,861.6081260092351
0.00352917,1665005565,104437.02950952,14286482,sell,352917,368.5760314341127
0.00095641,1665005595,104557.37545397,14286483,buy,95641,99.99971945793145
6.68e-05,1665005600,104783.72597963,14286484,buy,6680,6.999552895439284
9.5e-06,1665005613,104472.18845042,14286485,sell,950,0.9924857902789901
0.00013284,1665005664,104633.5,14286486,buy,13284,13.89951414
0.01303,1665005697,104704.52042866,14286487,buy,1303000,1364.29990118544
0.01262,1665005697,104704.94211443,14286488,buy,1262000,1321.3763694841066
0.0072,1665005697,104705.74404863,14286489,buy,720000,753.881357150136
0.00658,1665005697,104705.74404864,14286490,buy,658000,688.9637958400511
0.01276,1665005697,104706.00729756,14286491,buy,1276000,1336.0486531168658
0.00511364,1665005697,104706.02435999,14286492,buy,511364,535.4289144082193
0.00264115,1665005766,104547.72986192,14286493,sell,264115,276.12623672481004
0.0004827,1665005788,104559.47824583,14286494,sell,48270,50.470860149262144
0.00290385,1665005796,104563.54266494,14286495,sell,290385,303.63684336758604
0.00362612,1665005871,104789.62969504,14286496,buy,362612,379.9797720297785
0.00014662,1665005884,104606.16177286,14286497,sell,14662,15.337355439136733
4.151e-05,1665005910,104771.33871631,14286498,buy,4151,4.349058270114028
5.73e-05,1665005939,104483.02450265,14286499,sell,5730,5.986877304001845
0.00086222,1665005952,104489.24108408,14286500,sell,86222,90.09271344751546
5.09e-05,1665005955,104712.53587782,14286501,buy,5090,5.329868076181038
5.672e-05,1665006020,104711.34556647,14286502,buy,5672,5.939227520530179
0.0002335,1665006034,104526.62490091,14286503,sell,23350,24.406966914362485
0.00124827,1665006100,104487.58903228,14286504,sell,124826,130.42872276132414
0.00191002,1665006183,104710.92144321,14286505,buy,191002,199.99995417495995
0.00288998,1665006223,104710.92144321,14286506,buy,288998,302.612468752448
0.00188417,1665006223,104760.98726556,14286507,buy,188417,197.38750937615018
0.00019072,1665006258,104808.4287914,14286508,buy,19072,19.989063539095806
0.00349,1665006259,104569.34057523,14286509,sell,349000,364.9469986075527
0.0082,1665006259,104567.98570278,14286510,sell,820000,857.4574827627961
0.00345,1665006259,104567.67754071,14286511,sell,345000,360.75848751544953
0.00661,1665006259,104567.37945002,14286512,sell,661000,691.1903781646323
0.00676,1665006259,104566.80414256,14286513,sell,676000,706.8715960037056
0.01417,1665006259,104566.78138561,14286514,sell,1417000,1481.7112922340937
0.00837,1665006259,104566.45310234,14286515,sell,837000,875.2212124665859
0.01126,1665006259,104566.24800339,14286516,sell,1126000,1177.4159525181715
0.0082,1665006259,104566.03389726,14286517,sell,820000,857.4414779575321
0.01102,1665006259,104565.68634333,14286518,sell,1102000,1152.3138635034966
0.01464,1665006259,104564.24266913,14286519,sell,1464000,1530.8205126760633
0.0038299,1665006259,104564.13976781,14286520,sell,382990,400.4701988967355
4.83e-05,1665006291,104586.76110161,14286521,sell,4830,5.051540561207763
3.415e-05,1665006355,104827.22634591,14286522,buy,3415,3.579849779712827
0.0008264,1665006376,104617.73721677,14286523,sell,82640,86.45609803593872
4.98e-05,1665006426,104819.16312899,14286524,buy,4980,5.219994323823702
0.01332,1665006470,104822.63411475,14286525,buy,1332000,1396.2374864084702
0.02196,1665006470,104825.65172737,14286526,buy,2196000,2301.9713119330454
0.0165,1665006470,104826.7900352,14286527,buy,1650000,1729.6420355808
0.00439504,1665006470,104826.94359707,14286528,buy,439504,460.71861018686656
0.0012905,1665006537,104521.31339395,14286529,sell,129050,134.88475493489247
9.487e-05,1665006547,104774.66,14286530,buy,9487,9.9399719942
0.0086,1665006577,104540.8854935,14286531,sell,860000,899.0516152440999
0.003,1665006577,104540.88549349,14286532,sell,300000,313.62265648047
0.05,1665006577,104539.8404,14286533,sell,5000000,5226.992020000001
0.00608,1665006577,104539.59512778,14286534,sell,608000,635.6007383769024
0.00753,1665006577,104538.41486712,14286535,sell,753000,787.1742639494136
0.01303,1665006577,104523.23970318,14286536,sell,1303000,1361.9378133324356
0.0117599,1665006577,104523.14187762,14286537,sell,1175990,1229.1816961666234
0.01010525,1665006602,104593.09845125,14286538,buy,1010525,1056.939408124494
0.0087,1665006689,104479.63624723,14286539,sell,869999,908.9728353509009
0.00554,1665006689,104479.63624722,14286540,sell,554000,578.8171848095988
0.00566,1665006689,104479.58966362,14286541,sell,566000,591.3544774960892
0.00715,1665006689,104478.72553784,14286542,sell,715000,747.022887595556
0.0105,1665006689,104478.45140001,14286543,sell,1050000,1097.0237397001051
0.0454104,1665006689,104478.4514,14286544,sell,4541040,4744.40826945456
0.00045439,1665006703,104486.18434678,14286545,sell,45439,47.477477305333366
0.00895,1665006778,104480.86406114,14286546,sell,895000,935.103733347203
0.00943,1665006778,104479.42229872,14286547,sell,942999,985.2409522769295
0.01187,1665006778,104478.85630798,14286548,sell,1187000,1240.1640243757226
0.00565,1665006778,104477.71738398,14286549,sell,565000,590.2991032194869
0.00679,1665006778,104477.5869499,14286550,sell,679000,709.402815389821
0.00651,1665006778,104477.41691976,14286551,sell,651000,680.1479841476377
0.00134629,1665006778,104477.32608174,14286552,sell,134629,140.65677933058575
0.00286581,1665006849,104682.19300476,14286553,buy,286581,299.9992755349713
0.00447532,1665006936,104680.20675537,14286554,buy,447531,468.4774228964424
0.0085,1665007000,104741.71878659,14286555,buy,850000,890.304609686015
0.02373,1665007000,104764.92477476,14286556,buy,2373000,2486.071664905055
0.00423452,1665007000,104765.93145813,14286557,buy,423452,443.63343207808066
0.00985548,1665007006,104761.9900368,14286558,buy,985548,1032.4796975678817
0.00025822,1665007022,104754.88231596,14286559,buy,25821,27.04980571162719
0.00286191,1665007067,104564.39876001,14286560,sell,286191,299.2538984552602
0.0002966,1665007071,104564.39877001,14286561,sell,29660,31.013800675184964
0.00038169,1665007142,104795.43172736,14286562,buy,38169,39.99936833601604
0.01378,1665007233,104736.2588122,14286563,buy,1378000,1443.265646432116
0.01593,1665007239,104735.06687959,14286564,buy,1593000,1668.4296153918685
0.00632717,1665007239,104735.27162875,14286565,buy,632717,662.6778685912781
0.0019407,1665007277,104735.33744097,14286566,buy,194070,203.25986937169048
0.00047739,1665007320,104735.208254,14286567,buy,47739,49.99954106837706
0.00667028,1665007387,104794.08468573,14286568,buy,667028,699.0058871975311
0.00095494,1665007541,104717.83894121,14286569,buy,95494,99.99925311851908
0.00065484,1665007586,104544.7968,14286570,sell,65483,68.460114736512
1.91e-05,1665007726,104662.84331771,14286571,buy,1910,1.999060307368261
0.00058811,1665007735,104604.83145173,14286572,buy,58811,61.51914742507693
0.00066924,1665007753,104595.74738818,14286573,buy,66924,69.99965798206559
0.00867135,1665007801,104582.5532548,14286574,buy,867135,906.87192316601
0.00020424,1665007811,104482.72294468,14286575,sell,20424,21.339551334221444
3.586e-05,1665007904,104569.04461322,14286576,buy,3586,3.749845939830069
4.11e-05,1665007919,104479.8362,14286577,sell,4110,4.2941212678200005
0.0002116,1665007976,104495.80285001,14286578,sell,21160,22.111311883062115
0.000656,1665007986,104495.81295001,14286579,sell,65600,68.54925329520657
0.00171081,1665008023,104502.64430001,14286580,sell,171081,178.78416889490012
7.646e-05,1665008073,104620.23,14286581,buy,7646,7.999262785799999
0.0005473,1665008128,104620.23,14286582,buy,54730,57.258651879
0.01235624,1665008128,104622.53868318,14286583,buy,1235624,1292.741197378656
0.0029056,1665008132,104521.85466424,14286584,sell,290560,303.69870091241575
0.02106,1665008134,104628.37647173,14286585,buy,2106000,2203.4736084946335
0.0028658,1665008135,104686.22370049,14286586,buy,286580,300.00977988086424
0.0087,1665008230,104764.49420216,14286587,buy,869999,911.451099558792
0.00870026,1665008230,104806.44825401,14286588,buy,870026,911.843349486433
0.00477554,1665008263,104700,14286589,sell,477554,499.999038
0.01652796,1665008263,104581.42602,14286590,sell,1652796,1728.5176260015194
8.326e-05,1665008294,104595.84830001,14286591,sell,8326,8.708650329458832
0.00690643,1665008297,104806.448254,14286592,buy,690643,723.8383984148733
0.00475946,1665008321,105083.1800208,14286593,buy,475946,500.1391919817968
0.00057098,1665008325,105081.50790266,14286594,buy,57098,59.99943938226081
0.01934001,1665008352,105175.48684439,14286595,buy,1934001,2034.0949673253713
0.0001426,1665008392,104833.03643662,14286596,sell,14260,14.949190995862011
0.00139777,1665008442,104855.10680278,14286597,sell,139777,146.56332263572182
1.209e-05,1665008452,104858.0935767,14286598,sell,1209,1.267734351342303
0.00344,1665008521,104764.1512028,14286599,sell,344000,360.388680137632
0.00358,1665008521,104762.39034272,14286600,sell,358000,375.0493574269376
0.0006094,1665008521,104761.93057584,14286601,sell,60939,63.84192049291689
0.0044761,1665008601,104796.8194,14286602,sell,447610,469.08104331634
0.01209,1665008635,105058.96101936,14286603,buy,1209000,1270.1628387240623
0.00572,1665008635,105060.13588954,14286604,buy,572000,600.9439772881689
0.01696027,1665008635,105061.29369729,14286605,buy,1696027,1781.8679076553367
0.0007895,1665008716,104897.0121,14286606,sell,78950,82.81619105295002
0.00741524,1665008804,105200,14286607,buy,741524,780.083248
0.01326,1665008804,105243.96330812,14286608,buy,1326000,1395.5349534656712
0.01984,1665008804,105244.39474385,14286609,buy,1984000,2088.048791717984
0.01862,1665008804,105244.9188042,14286610,buy,1862000,1959.6603881342041
0.01862,1665008804,105245.46236447,14286611,buy,1862000,1959.6705092264317
0.01154,1665008804,105245.48186439,14286612,buy,1154000,1214.5328607150607
0.01166,1665008804,105246.12048677,14286613,buy,1166000,1227.169764875738
0.01326,1665008804,105246.27161115,14286614,buy,1326000,1395.565561563849
0.02551,1665008804,105247.14667006,14286615,buy,2551000,2684.8547115532306
0.01399,1665008804,105247.27585703,14286616,buy,1399000,1472.4093892398498
0.01093,1665008804,105247.29779444,14286617,buy,1093000,1150.3529648932292
0.02421,1665008804,105248.13385351,14286618,buy,2421000,2548.057320593477
0.02343,1665008804,105249.85715894,14286619,buy,2343000,2466.004153233964
0.00571,1665008804,105252.38239858,14286620,buy,571000,600.9911034958917
0.16204985,1665008804,105258.13,14286621,buy,16204985,17057.0641777805
0.0012354,1665008819,104952.59566664,14286622,sell,123540,129.65843668656706
0.00019134,1665008860,105255.6719385,14286623,buy,19134,20.13962026871259
0.0010451,1665008866,104976.80048614,14286624,sell,104510,109.71125418806491
0.00072032,1665008886,105285.33,14286625,buy,72032,75.8391289056
0.00555039,1665008886,105290.75382791,14286626,buy,555039,584.4047471388933
3.8e-05,1665009034,105036.45858321,14286627,sell,3800,3.99138542616198
0.01329,1665009123,105111.0430864,14286628,sell,1329000,1396.925762618256
0.01301,1665009123,105110.80783922,14286629,sell,1301000,1367.4916099882523
0.00536,1665009123,105100.68522294,14286630,sell,536000,563.3396727949583
0.01084,1665009123,105100.43600068,14286631,sell,1084000,1139.2887262473712
0.01107,1665009123,105098.64951962,14286632,sell,1107000,1163.4420501821933
0.01073,1665009123,105098.18834198,14286633,sell,1073000,1127.7035609094453
0.0247643,1665009123,105095.95,14286634,sell,2476430,2602.6276345849997
0.00015,1665009214,105099.11069726,14286635,sell,14999,15.764866604588997
0.00473,1665009283,105165.62797677,14286636,buy,473000,497.4334203301221
2.44e-05,1665009283,105170.06908355,14286637,buy,2440,2.56614968563862
0.0008085,1665009479,105095.95,14286638,sell,80850,84.970075575
1.902e-05,1665009495,105138.56,14286639,buy,1902,1.9997354112
0.0038045,1665009527,105138.56,14286640,buy,380450,399.99965152
9.51e-06,1665009635,105211.22,14286641,buy,951,1.0005587022
0.00094079,1665009635,105229.92352776,14286642,buy,94079,98.99925975568134
0.00380144,1665009646,105223.14974305,14286643,buy,380144,399.99949035922003
0.00047518,1665009668,105221.13637631,14286644,buy,47518,49.99897958329498
0.00194687,1665009735,105095.95,14286645,sell,194687,204.6081521765
0.0018285,1665009947,105103.50818911,14286646,sell,182850,192.18176472378764
0.000584,1665010005,105104.87288481,14286647,sell,58400,61.38124576472904
0.0009501,1665010026,105251.23996109,14286648,buy,95010,99.9992030870316
0.0013532,1665010048,105120.49910001,14286649,sell,135320,142.2490593821335
0.01081549,1665010072,105240.66612947,14286650,buy,1081549,1138.2293721166216
9.49e-06,1665010118,105277.22647813,14286651,buy,949,0.9990808792774538
0.00035145,1665010230,105276.59273073,14286652,buy,35145,36.99945851521506
0.00030483,1665010259,105156.88461,14286653,sell,30483,32.0549731356663
0.01156,1665010276,105163.639222,14286654,sell,1156000,1215.69166940632
0.00530506,1665010276,105163.0529553,14286655,sell,530506,557.8963057110439
0.00033018,1665010411,105298.27181,14286656,buy,33018,34.7673833862258
0.0091665,1665010411,105300,14286657,buy,916649,965.23245
0.0009609,1665010416,105140.35923788,14286658,sell,96090,101.02937119167889
0.0136035,1665010423,105300,14286659,buy,1360350,1432.4485499999998
0.0045,1665010423,105335.05570532,14286660,buy,449999,474.00775067394
0.01058,1665010423,105336.86676039,14286661,buy,1058000,1114.4640503249263
0.00151026,1665010423,105336.8887578,14286662,buy,151026,159.08608961535504
4.746e-05,1665010453,105335.76263742,14286663,buy,4746,4.999235294771954
0.01047,1665010459,105161.0225353,14286664,sell,1047000,1101.035905944591
0.01015,1665010459,105160.70503032,14286665,sell,1014999,1067.3811560577478
0.00983,1665010459,105159.70814128,14286666,sell,983000,1033.7199310287824
0.01015,1665010459,105159.20810408,14286667,sell,1014999,1067.3659622564119
0.00481,1665010459,105157.99925966,14286668,sell,481000,505.8099764389646
0.01167,1665010459,105157.94103016,14286669,sell,1167000,1227.193171821967
0.01257,1665010459,105156.86727818,14286670,sell,1257000,1321.8218216867226
0.01218,1665010459,105156.864949,14286671,sell,1218000,1280.8106150788199
0.00502,1665010459,105156.60408084,14286672,sell,502000,527.8861524858169
0.00984808,1665010459,105111.73282226,14286673,sell,984808,1035.1487537722423
5.79e-05,1665010578,105211.37246486,14286674,sell,5790,6.091738465715394
0.00691935,1665010602,105221.43096,14286675,sell,691935,728.063908313076
0.0118,1665010602,105221.43095374,14286676,sell,1180000,1241.612885254132
0.00889,1665010602,105221.43095373,14286677,sell,889000,935.4185211786597
0.00435,1665010602,105221.1253926,14286678,sell,434999,457.71189545781
0.44519743,1665010602,105221.09075675,14286679,sell,44519743,46844.15918670185
0.44519744,1665010602,105221.0902253,14286680,sell,44519744,46844.16000231258
0.44519744,1665010602,105221.08864021,14286681,sell,44519744,46844.15929663457
0.32162174,1665010602,105221.08839725,14286682,sell,32162174,33841.389535017355
0.0069159,1665010613,105368.40999,14286683,buy,691590,728.717386649841
0.00277756,1665010613,105368.41,14286684,buy,277756,292.6670808796
0.00529,1665010613,105395.54183079,14286685,buy,529000,557.5424162848791
0.00501682,1665010613,105397.00432479,14286686,buy,501682,528.757799236693
0.00504997,1665010623,105398.07682039,14286687,buy,504997,532.2571260006648
0.00838,1665010630,105169.0686042,14286688,sell,838000,881.3167949031961
0.0049031,1665010630,105167.939,14286689,sell,490309,515.6489217108999
0.02,1665010662,105400,14286690,buy,2000000,2108.0
0.0061,1665010671,105483.30319349,14286691,buy,610000,643.4481494802891
0.01003,1665010671,105486.40611827,14286692,buy,1003000,1058.0286533662481
0.00282994,1665010671,105487.23973985,14286693,buy,282994,298.5225592293911
0.0013,1665010691,105484.50975104,14286694,buy,130000,137.129862676352
0.00529,1665010691,105498.39613158,14286695,buy,529000,558.0865155360582
5.6e-05,1665010691,105500,14286696,buy,5600,5.9079999999999995
0.00051592,1665010691,105500,14286697,buy,51592,54.42956
0.01179569,1665010691,105500,14286698,buy,1179569,1244.445295
2.843e-05,1665010716,105499.99999999,14286699,buy,2843,2.999364999999716
9.48e-05,1665010743,105299.82812943,14286700,sell,9480,9.982423706669964
0.0078823,1665010751,105302.514367,14286701,sell,788230,830.0260089950041
0.00315196,1665010754,105486.56211763,14286702,buy,315196,332.48942433228507
2.843e-05,1665010762,105486.65230476,14286703,buy,2843,2.998985525024327
3.79e-05,1665010778,105310.83865001,14286704,sell,3790,3.991280784835379
3.792e-05,1665010795,105485.21662315,14286705,buy,3792,3.9999994143498485
0.0083,1665010812,105326.47438535,14286706,sell,830000,874.209737398405
0.00901,1665010812,105326.47438534,14286707,sell,901000,948.9915342119135
0.00432,1665010812,105326.40290543,14286708,sell,432000,455.0100605514576
0.00835241,1665010812,105325.88421536,14286709,sell,835240,879.724968579215
9.5e-06,1665010917,105216.74637748,14286710,sell,950,0.9995590905860601
0.0009491,1665010944,105361.86539586,14286711,buy,94910,99.99894644721073
0.00023728,1665010950,105359.01840754,14286712,buy,23728,24.999587887741093
0.007,1665010968,105351.36712642,14286713,buy,700000,737.4595698849399
0.00262968,1665010968,105351.36712643,14286714,buy,262968,277.04038310503046
0.0014,1665010971,105350.95275312,14286715,buy,140000,147.491333854368
0.00100899,1665010971,105350.95275313,14286716,buy,100899,106.29805781838063
0.00106532,1665010986,105127.81564287,14286717,sell,106532,111.99476456066228
2.847e-05,1665011010,105351.08681508,14286718,buy,2847,2.9993454416253273
0.001,1665011036,105351.08681507,14286719,buy,100000,105.35108681507
0.00089374,1665011036,105364.29557339,14286720,buy,89374,94.16828552576158
1.898e-05,1665011069,105366.95,14286721,buy,1898,1.999864711
0.00105545,1665011084,105366.95,14286722,buy,105545,111.2095473775
0.0002356,1665011092,105156.33161001,14286723,sell,23560,24.774831727318357
0.01073,1665011116,105359.56684279,14286724,buy,1073000,1130.5081522231367
0.01109989,1665011116,105360.61983847,14286725,buy,1109989,1169.4912905388346
0.0021545,1665011143,105163.19401291,14286726,sell,215450,226.5741015008146
1.901e-05,1665011179,105165.94,14286727,buy,1901,1.9992045193999999
0.15,1665011208,105222.15,14286728,buy,15000000,15783.322499999998
0.0066526,1665011276,105127.80058308,14286729,sell,665260,699.373206158998
0.0029,1665011316,105237.27801559,14286730,buy,290000,305.188106245211
0.01206,1665011316,105290.827538,14286731,buy,1206000,1269.8073801082799
0.01059,1665011316,105291.32234847,14286732,buy,1059000,1115.0351036702973
0.00423396,1665011316,105291.37597325,14286733,buy,423396,445.7994742157016
2.459e-05,1665011468,105298.15956552,14286734,buy,2459,2.589281743716137
0.0004948,1665011537,105106.66149675,14286735,sell,49480,52.0067761085919
1.899e-05,1665011584,105298.92,14286736,buy,1899,1.9996264907999999
8.56e-05,1665011599,105133.27606114,14286737,sell,8560,8.999408430833583
0.0007514,1665011652,105151.89826776,14286738,sell,75140,79.01113635839486
9.49e-06,1665011653,105310.0107455,14286739,buy,949,0.999392001974795
9.495e-05,1665011675,105314.54935188,14286740,buy,9495,9.999616460961008
0.00174589,1665011741,105123.11286,14286741,sell,174589,183.5333915111454
0.00016957,1665011800,105319.27,14286742,buy,16957,17.8589886139
0.00174502,1665011800,105349.5072,14286743,buy,174502,183.83699705414398
0.00288263,1665011800,105349.50720537,14286744,buy,288263,303.6836499554157
0.00011789,1665011838,105348.03008643,14286745,buy,11789,12.419479266889232
0.00027443,1665011948,105198,14286746,buy,27443,28.869487139999997
0.0006172,1665012011,105152.54331716,14286747,sell,61720,64.90014973535116
0.00013294,1665012033,105158.27680001,14286748,sell,13294,13.979741317793332
0.00352985,1665012076,105198,14286749,buy,352985,371.33316030000003
0.00228242,1665012076,105198,14286750,buy,228241,240.10601916
7.5e-05,1665012076,105200,14286751,buy,7499,7.89
0.04838402,1665012088,105200,14286752,buy,4838402,5089.998904
0.0008,1665012104,105117.30509808,14286753,sell,80000,84.093844078464
0.00080563,1665012121,105303.23322254,14286754,buy,80563,84.8354437810749
0.002,1665012155,105303.15278537,14286755,buy,200000,210.60630557074
0.00028783,1665012213,105374.38270353,14286756,buy,28783,30.32990857355704
0.00047453,1665012229,105366.25367438,14286757,buy,47453,49.99944835610354
3.8e-05,1665012231,105172.53337,14286758,sell,3800,3.9965562680600004
0.00363339,1665012280,105194.00119822,14286759,sell,363339,382.2108320136005
9.49e-06,1665012280,105373.36383271,14286760,buy,949,0.999993222772418
0.00189816,1665012364,105364.80824281,14286761,buy,189816,199.99926441417225
0.00028472,1665012369,105365.28842834,14286762,buy,28472,29.99960492131697
9.58e-06,1665012386,105341.17356987,14286763,buy,958,1.0091684427993546
0.000494,1665012395,105125.15353,14286764,sell,49400,51.93182584381999
0.00053175,1665012457,105317.73704,14286765,buy,53175,56.00270667102
0.00041773,1665012457,105323.37740117,14286766,buy,41773,43.99673444179074
0.00189893,1665012458,105322.01971924,14286767,buy,189893,199.9991429054564
3.797e-05,1665012464,105320.51335042,14286768,buy,3796,3.9990198919154474
0.0009495,1665012471,105318.21967233,14286769,buy,94950,99.99964957887734
2.65e-05,1665012473,105109.05352267,14286770,sell,2650,2.785389918350755
0.00136722,1665012515,105323.17265201,14286771,buy,136722,143.9999481132811
0.00427261,1665012519,105321.83934498,14286772,buy,427260,449.99914400375496
9.49e-06,1665012522,105320.59378759,14286773,buy,949,0.9994924350442291
0.00052041,1665012615,105318.99966913,14286774,buy,52041,54.809060617811944
9.49e-06,1665012656,105271.36120169,14286775,buy,949,0.9990252178040382
0.00013023,1665012661,105267.91697832,14286776,buy,13023,13.709040828086614
0.004597,1665012669,105116.19480001,14286777,sell,459700,483.219147495646
0.00047532,1665012737,105191.04482006,14286778,buy,47532,49.99940742387091
0.008,1665012779,105100.00000001,14286779,sell,800000,840.80000000008
0.00110038,1665012779,105100,14286780,sell,110038,115.64993799999999
0.09514747,1665012779,105100,14286781,sell,9514747,9999.999097
0.00472,1665012779,105013.28214604,14286782,sell,472000,495.66269172930885
0.03478505,1665012779,105011.8294,14286783,sell,3478505,3652.84173627047
9.5e-06,1665012808,105169.22922901,14286784,buy,950,0.999107677675595
0.00047542,1665012919,105168.10067114,14286785,buy,47542,49.99901842107338
0.00293,1665012949,104979.96862,14286786,sell,293000,307.5913080566
0.00035182,1665012973,105166.86966999,14286787,buy,35182,36.99980808729588
4.754e-05,1665012977,105166.86965999,14286788,buy,4754,4.999632983635925
0.00468,1665013026,105005.05854278,14286789,sell,468000,491.42367398021037
0.00400953,1665013026,105004.60038,14286790,sell,400953,421.0190953616214
0.01,1665013026,105004.60036725,14286791,sell,1000000,1050.0460036724999
0.01065,1665013026,105004.60036724,14286792,sell,1065000,1118.298993911106
0.00907,1665013026,105004.1391896,14286793,sell,907000,952.387542449672
0.01147,1665013026,105003.6500618,14286794,sell,1147000,1204.3918662088458
0.05,1665013026,105003.31,14286795,sell,5000000,5250.1655
0.00439,1665013026,105003.30001188,14286796,sell,439000,460.9644870521532
0.00874767,1665013026,105002.72304816,14286797,sell,874767,918.5291703266979
0.001,1665013185,104982.13200001,14286798,sell,100000,104.98213200001
0.05,1665013185,104982.132,14286799,sell,5000000,5249.1066
0.00406,1665013185,104982.12195952,14286800,sell,406000,426.2274151556512
0.0104,1665013185,104981.75407402,14286801,sell,1040000,1091.810242369808
0.00987,1665013185,104981.44030398,14286802,sell,987000,1036.1668158002826
0.0143,1665013185,104981.32447474,14286803,sell,1430000,1501.2329399887822
0.01445,1665013185,104980.70341502,14286804,sell,1445000,1516.971164347039
0.01877,1665013185,104980.47144411,14286805,sell,1876999,1970.4834490059445
0.00876,1665013185,104979.97990812,14286806,sell,876000,919.6246239951313
0.00804,1665013185,104979.71213143,14286807,sell,804000,844.0368855366972
0.01839,1665013185,104979.12750725,14286808,sell,1839000,1930.5661548583275
0.12024206,1665013185,104978.83420637,14286809,sell,12024206,12622.871281372394
0.12024206,1665013185,104978.83164222,14286810,sell,12024206,12622.870973053716
0.01858,1665013185,104978.82937221,14286811,sell,1858000,1950.5066497356618
0.55492188,1665013185,104897.49236,14286812,sell,55492188,58209.913667696834
0.0005014,1665013197,104904.18409414,14286813,sell,50140,52.5989579048018
0.00034255,1665013201,104906.84867606,14286814,sell,34255,35.93584101398436
7.279e-05,1665013264,105228.18384999,14286815,buy,7279,7.659559502440772
0.00324,1665013364,104971.37890663,14286816,sell,324000,340.10726765748115
0.00575265,1665013364,104969.9774,14286817,sell,575265,603.85554049011
0.00076025,1665013440,105228.18384999,14286818,buy,76025,79.9997267719549
0.0014253,1665013523,105007.08849444,14286819,sell,142530,149.66660323112532
0.00142547,1665013545,105228.18384999,14286820,buy,142547,149.99961923264527
0.0002758,1665013645,105058.55990062,14286821,sell,27579,28.975150820590997
0.00014577,1665013658,105228.18350999,14286822,buy,14577,15.339112310251243
0.00094992,1665013791,105271.70517999,14286823,buy,94992,99.9996981845761
0.0011639,1665013822,105064.23704297,14286824,sell,116390,122.28426549431278
0.00068739,1665013869,105271.70488999,14286825,buy,68739,72.36271722433023
7.793e-05,1665013934,105066.71005047,14286826,sell,7792,8.187848714233127
0.00693635,1665013965,105303.47113999,14286827,buy,693635,730.4217320418696
0.0005253,1665014116,105152.38437185,14286828,sell,52530,55.23654751053281
0.0001902,1665014158,105136.19421915,14286829,sell,19020,19.99690414048233
0.00450527,1665014200,105129.16657817,14286830,sell,450526,473.6352803096319
0.0097,1665014228,105369.13988999,14286831,buy,970000,1022.080656932903
0.0001,1665014228,105369.14,14286832,buy,10000,10.536914000000001
0.01392598,1665014228,105370.06826532,14286833,buy,1392598,1467.381463261481
1.61e-05,1665014264,105128.01000001,14286834,sell,1609,1.6925609610001608
9.5e-06,1665014292,105051.48906318,14286835,sell,950,0.99798914610021
0.00094282,1665014313,105121.01000001,14286836,sell,94282,99.11019064820944
0.00474731,1665014343,105322.65616999,14286837,buy,474731,499.99929886235526
0.00061986,1665014388,105120.88716002,14286838,sell,61986,65.16023311500999
0.00166777,1665014406,105127.19369751,14286839,sell,166777,175.32797983289626
0.00047491,1665014523,105282.97983445,14286840,buy,47491,49.99993995317865
0.0046,1665014528,105281.76596442,14286841,buy,460000,484.296123436332
0.00014916,1665014528,105281.76596443,14286842,buy,14915,15.703828211254377
2.607e-05,1665014544,105043.23496194,14286843,sell,2607,2.7384771354577757
0.00475044,1665014589,105253.3443986,14286844,buy,475044,499.9996973648854
3.766e-05,1665014600,105089.01000001,14286845,sell,3766,3.957652116600377
0.00949075,1665014619,105239.5836871,14286846,buy,949074,998.8025788783443
0.000908,1665014623,105095.57993352,14286847,sell,90800,95.42678657963616
0.01975,1665014638,105229.14955309,14286848,buy,1975000,2078.2757036735275
0.0206,1665014638,105230.14816331,14286849,buy,2060000,2167.741052164186
0.01248,1665014638,105230.97567136,14286850,buy,1248000,1313.282576378573
0.00586,1665014638,105230.97767218,14286851,buy,586000,616.6535291589748
0.09131502,1665014638,105230.98494206,14286852,buy,9131502,9609.169494603906
0.00108335,1665014641,105228.58573222,14286853,buy,108335,113.99938835300054
0.0003493,1665014645,105103.29650686,14286854,sell,34930,36.7125814698462
0.01827499,1665014648,105224.45494735,14286855,buy,1827499,1922.975861918272
5.2e-05,1665014652,105105.71652488,14286856,sell,5200,5.46549725929376
0.00693607,1665014660,105221.78356,14286857,buy,693607,729.8256562970091
0.00416306,1665014660,105221.78356667,14286858,buy,416305,438.0445982950612
1.9e-05,1665014666,105111.11155787,14286859,sell,1900,1.9971111195995301
0.00511554,1665014674,105215.3900304,14286860,buy,511554,538.2335363161125
0.0023739,1665014717,105311.70521393,14286861,buy,237390,249.99945700734844
1.9e-05,1665014737,105126.7963,14286862,sell,1900,1.9974091297
0.00142448,1665014742,105301.05094515,14286863,buy,142448,149.99924105034728
1.9e-05,1665014762,105184.78016065,14286864,sell,1900,1.99851082305235
0.0046605,1665014764,105184.78017,14286865,sell,466050,490.21366798228496
0.00546,1665014766,105496.34863998,14286866,buy,546000,576.0100635742907
0.00547953,1665014766,105496.74345336,14286867,buy,547953,578.0725706549897
3.79e-05,1665014778,105191.46956562,14286868,sell,3790,3.986756696536998
0.01303,1665014782,105488.98010771,14286869,buy,1303000,1374.5214108034613
0.00465817,1665014782,105489.27991,14286870,buy,465816,491.3869989983647
0.00358757,1665014782,105489.27991898,14286871,buy,358757,378.45017595893506
0.0010093,1665014789,105197.24593202,14286872,sell,100930,106.17558031918779
0.01015,1665014798,105483.39332063,14286873,buy,1014999,1070.6564422043944
0.00497,1665014798,105483.67612947,14286874,buy,496999,524.2538703634658
0.00742062,1665014798,105496.06101616,14286875,buy,742062,782.8461802977373
0.13260431,1665014812,105500,14286876,buy,13260431,13989.754705000001
3.79e-05,1665014839,105444.92051661,14286877,sell,3790,3.996362487579519
0.0025576,1665014980,105304.9347252,14286878,sell,255760,269.32790105317156
4.71e-05,1665014999,105334.72743747,14286879,sell,4710,4.961265662304838
0.00681,1665015041,105355.65046141,14286880,sell,681000,717.4719796422021
0.00390795,1665015061,105499,14286881,buy,390795,412.28481705
0.00084164,1665015061,105510,14286882,buy,84164,88.8014364
0.00104255,1665015093,105510,14286883,buy,104255,109.9994505
0.00029731,1665015099,105384.65806912,14286884,sell,29731,31.33191269053007
1.895e-05,1665015126,105510,14286885,buy,1895,1.9994144999999999
0.0010757,1665015164,105412.8657847,14286886,sell,107570,113.39261972460179
0.0030471,1665015181,105510,14286887,buy,304710,321.499521
0.00149864,1665015181,105510,14286888,buy,149864,158.12150640000002
0.006,1665015195,105600,14286889,buy,600000,633.6
0.00146217,1665015207,105769.65197999,14286890,buy,146217,154.653212035582
0.00023637,1665015221,105763.77275412,14286891,buy,23637,24.999382965891343
4.73e-05,1665015237,105535.21185001,14286892,sell,4730,4.991815520505473
0.0051,1665015335,105753.08917544,14286893,buy,510000,539.340754794744
0.00435593,1665015335,105754.34935778,14286894,buy,435593,460.65854299803465
1.89e-05,1665015347,105582.61261,14286895,sell,1889,1.9955113783289997
0.00018375,1665015380,105739.7731148,14286896,buy,18375,19.4296833098445
0.00293172,1665015459,105709.00976266,14286897,buy,293172,309.9092181013856
0.00021885,1665015517,105684.06474557,14286898,buy,21885,23.128957569567994
0.00236406,1665015553,105750,14286899,buy,236406,249.99934499999998
0.00063594,1665015581,105750,14286900,buy,63594,67.250655
0.01015,1665015581,105795.20239058,14286901,buy,1014999,1073.821304264387
0.01005,1665015581,105796.17494909,14286902,buy,1005000,1063.2515582383544
0.00466,1665015581,105796.51132271,14286903,buy,466000,493.0117427638286
0.00933,1665015581,105796.73800928,14286904,buy,933000,987.0835656265824
0.00194683,1665015581,105799,14286905,buy,194683,205.97266717000002
0.00023631,1665015596,105789.85697501,14286906,buy,23631,24.999201101764612
7.56e-05,1665015604,105601.93061376,14286907,sell,7559,7.983505954400256
0.03482521,1665015608,105799,14286908,buy,3482521,3684.4723927900004
0.001,1665015608,105800,14286909,buy,100000,105.8
0.003,1665015608,105800,14286910,buy,300000,317.40000000000003
2.653e-05,1665015694,105889.49929304,14286911,buy,2653,2.809248416244351
0.00218966,1665015724,105701.24359034,14286912,sell,218966,231.4497850400239
0.00177347,1665015730,105889.49929304,14286913,buy,177347,187.79185031122768
0.00112941,1665015730,105900,14286914,buy,112941,119.604519
0.00410683,1665015730,105917.09391789,14286915,buy,410682,434.9834988148082
9.205e-05,1665015763,105917.23285482,14286916,buy,9205,9.749681284286181
0.01535,1665015791,105606.16374358,14286917,sell,1535000,1621.054613463953
0.00481,1665015791,105606.09158337,14286918,sell,481000,507.9653005160097
0.00993,1665015791,105605.69066236,14286919,sell,993000,1048.6645082772347
0.0106,1665015791,105605.60245558,14286920,sell,1060000,1119.419386029148
0.01179,1665015791,105605.60245557,14286921,sell,1179000,1245.0900529511703
0.0068,1665015791,105605.04342001,14286922,sell,680000,718.114295256068
0.01587,1665015791,105605.043408,14286923,sell,1586999,1675.9520388849598
0.0113,1665015791,105604.73134225,14286924,sell,1130000,1193.3334641674248
0.00496,1665015791,105604.35634427,14286925,sell,496000,523.7976074675792
0.00705325,1665015791,105603.90651048,14286926,sell,705325,744.850753595043
0.00047205,1665015792,105918.96103523,14286927,buy,47205,49.99904555668032
0.00029226,1665015834,105628.35908661,14286928,sell,29226,30.87094422665264
9.132e-05,1665015851,105889.80860156,14286929,buy,9132,9.66985732149446
0.00028954,1665015915,105855.70020633,14286930,buy,28954,30.64945943774079
0.00338154,1665015918,105854.04515062,14286931,buy,338154,357.9496878386276
0.0074,1665015940,105843.60538094,14286932,buy,740000,783.242679818956
0.0029958,1665015940,105843.60538095,14286933,buy,299580,317.08627300025
9.4e-06,1665015995,105615.56199221,14286934,sell,940,0.9927862827267739
0.0001922,1665016007,105598.90601871,14286935,sell,19220,20.296109736796062
0.00491332,1665016083,105834.67187416,14286936,buy,491331,519.9996100127478
0.0021743,1665016205,105780.89912211,14286937,buy,217430,229.99940896120378
0.00020781,1665016293,105865.87332579,14286938,buy,20781,21.99998713583242
0.0109,1665016357,105839.9311197,14286939,buy,1090000,1153.6552492047301
0.00931312,1665016357,105840.35322066,14286940,buy,931311,985.7039103863931
0.00188964,1665016358,105840.0310533,14286941,buy,188964,199.9995562795578
0.00099082,1665016463,105697.76849,14286942,sell,99081,104.72746297526179
0.00133372,1665016688,105560,14286943,sell,133372,140.7874832
0.00011381,1665016701,105409.67985523,14286944,sell,11381,11.996675664323726
0.00035387,1665016815,105447.11422591,14286945,sell,35387,37.31457031112277
0.00189573,1665016817,105500,14286946,buy,189573,199.999515
0.00657313,1665016822,105500,14286947,buy,657313,693.465215
0.0039892,1665016822,105500,14286948,buy,398920,420.8606
0.00826625,1665016908,105406.72530001,14286949,sell,826624,871.3183430112076
0.008,1665016947,105420.63029493,14286950,sell,800000,843.36504235944
0.00193499,1665016947,105420.63029492,14286951,sell,193499,203.98786541436726
0.00018957,1665016970,105500,14286952,buy,18957,19.999634999999998
0.00100923,1665017064,105499.99999,14286953,buy,100923,106.4737649899077
0.00040822,1665017064,105500,14286954,buy,40822,43.067209999999996
0.00331696,1665017064,105656.55215138,14286955,buy,331696,350.4585572240414
0.00378585,1665017082,105656.43625247,14286956,buy,378585,399.99941918641355
0.00215102,1665017095,105656.43625247,14286957,buy,215102,227.26910750778802
0.00066252,1665017138,105656.43625247,14286958,buy,66252,69.99950214598643
0.00040061,1665017164,105656.43625247,14286959,buy,40061,42.327024927102
0.00861221,1665017164,105834.93131682,14286960,buy,861221,911.4726538360304
0.00014173,1665017180,105834.93131681,14286961,buy,14173,14.999984815531484
0.00472433,1665017233,105834.93131681,14286962,buy,472432,499.999141067945
0.0008936,1665017270,105664.84308236,14286963,sell,89360,94.4221037783969
0.00146804,1665017331,105956,14286964,buy,146804,155.54764624
0.002,1665017331,105990,14286965,buy,200000,211.98000000000002
0.00984,1665017331,105990.25735247,14286966,buy,984000,1042.9441323483047
0.02106482,1665017331,106000,14286967,buy,2106482,2232.8709200000003
0.0061697,1665017339,105842.0101,14286968,sell,616970,653.01344971397
0.0008,1665017348,105848.18397291,14286969,sell,80000,84.678547178328
0.14384748,1665017348,106000,14286970,buy,14384748,15247.83288
0.0015,1665017368,105999.99999999,14286971,buy,150000,158.99999999998502
0.19857164,1665017368,106000,14286972,buy,19857164,21048.593839999998
0.0089,1665017389,105866.03247926,14286973,sell,890000,942.207689065414
0.008,1665017410,105999.99999999,14286974,buy,800000,847.9999999999201
0.05426415,1665017410,106000,14286975,buy,5426415,5751.9999
0.10836569,1665017467,106000,14286976,buy,10836569,11486.763140000001
0.17059152,1665017467,106000,14286977,buy,17059152,18082.701119999998
0.0210086,1665017467,106000,14286978,buy,2100860,2226.9116
3.447e-05,1665017467,106000,14286979,buy,3447,3.65382
0.00036553,1665017480,106000,14286980,buy,36553,38.746179999999995
0.00949362,1665017480,106000,14286981,buy,949362,1006.32372
0.01841624,1665017480,106000,14286982,buy,1841624,1952.1214400000001
0.12187459,1665017480,106000,14286983,buy,12187459,12918.706540000001
0.02800898,1665017495,106000,14286984,buy,2800898,2968.95188
0.0981192,1665017495,106000,14286985,buy,9811920,10400.6352
0.00943397,1665017495,106000,14286986,buy,943397,1000.00082
0.0001,1665017495,106000,14286987,buy,10000,10.6
0.0011,1665017495,106029.70999999,14286988,buy,110000,116.632680999989
0.00041065,1665017495,106029.71,14286989,buy,41065,43.541100411500004
0.0095,1665017495,106030,14286990,buy,950000,1007.285
0.00178,1665017495,106039,14286991,buy,178000,188.74942
0.00162225,1665017495,106040,14286992,buy,162225,172.02339
4.72e-05,1665017532,105933.98000186,14286993,sell,4720,5.000083856087793
0.05,1665017536,106000,14286994,buy,5000000,5300.0
7.501e-05,1665017536,106040,14286995,buy,7501,7.9540604
0.01079,1665017549,105942.19169406,14286996,sell,1079000,1143.1162483789074
0.0088,1665017549,105941.64281967,14286997,sell,880000,932.286456813096
0.0096,1665017549,105941.29801589,14286998,sell,959999,1017.036460952544
0.00459,1665017549,105941.29801588,14286999,sell,459000,486.27055789288926
0.01079,1665017549,105941.07135848,14287000,sell,1079000,1143.1041599579992
0.00928,1665017549,105940.94872403,14287001,sell,928000,983.1320041589984
0.01068,1665017549,105940.80915762,14287002,sell,1068000,1131.4478418033816
0.04178242,1665017549,105939.98211433,14287003,sell,4178242,4426.428827493424
0.00023587,1665017596,106040,14287004,buy,23587,25.0116548
0.00109708,1665017608,106100,14287005,buy,109708,116.400188
0.00689219,1665017608,106100,14287006,buy,689219,731.2613590000001
0.01030398,1665017617,106100,14287007,buy,1030398,1093.2522780000002
0.08280383,1665017627,106100,14287008,buy,8280382,8785.486363
0.05,1665017627,106100,14287009,buy,5000000,5305.0
5.15e-06,1665017627,106109,14287010,buy,515,0.54646135
1.88e-05,1665017631,106040.63423794,14287011,sell,1880,1.993563923673272
0.00126485,1665017642,106109,14287012,buy,126485,134.21196865000002
0.0003,1665017642,106123.36,14287013,buy,29999,31.837007999999997
0.00840233,1665017652,106186.92999999,14287014,buy,840233,892.217627546816
0.00048989,1665017657,106186.92999999,14287015,buy,48989,52.0199151376951
0.00070778,1665017659,106186.92999999,14287016,buy,70778,75.15698531539292
0.0003,1665017659,106186.93,14287017,buy,29999,31.856078999999994
0.00432642,1665017659,106205.52044357,14287018,buy,432642,459.4896877574701
9.41e-06,1665017663,106205.2450072,14287019,buy,941,0.999391355517752
3.77e-05,1665017677,106062.54268025,14287020,sell,3770,3.9985578590454254
4.708e-05,1665017755,106197.5912286,14287021,buy,4708,4.999782595042488
0.00047085,1665017779,106189.55232696,14287022,buy,47085,49.99935071314911
8e-05,1665017810,105929.06,14287023,sell,8000,8.4743248
1.88e-05,1665017824,105929.06,14287024,sell,1880,1.991466328
0.00030741,1665017829,105929.06,14287025,sell,30741,32.5636523346
0.00913289,1665017829,105846.69870552,14287026,sell,913288,966.6862561406565
0.00094167,1665017833,106193.87643422,14287027,buy,94167,99.99958762181195
0.00829038,1665017850,105856.12654946,14287028,sell,829038,877.5875144231121
1.441e-05,1665017851,106137.97122569,14287029,buy,1441,1.5294481653621927
1.168e-05,1665017938,106129.6544546,14287030,buy,1168,1.239594364029728
0.00060086,1665017941,106129.71782934,14287031,buy,60086,63.76910225493724
0.00016243,1665017957,106133.27900223,14287032,buy,16243,17.239228508332218
2.879e-05,1665017999,105929.08601536,14287033,buy,2879,3.0496983863822145
0.002897,1665018017,105629.17914657,14287034,sell,289700,306.0077319876132
0.00359789,1665018031,105635.37243619,14287035,sell,359789,380.06445013444363
0.00061479,1665018087,105906.01209043,14287036,buy,61479,65.10995717307546
0.00218423,1665018119,105652.80610859,14287037,sell,218423,230.77002868656555
0.0048334,1665018145,105664.64064277,14287038,sell,483340,510.7194740827645
0.00013219,1665018166,105902.09011274,14287039,buy,13219,13.9991972920031
0.0001243,1665018188,105682.14675966,14287040,sell,12430,13.136290842225739
0.0013972,1665018305,105573.49145879,14287041,sell,139720,147.50728226622138
4.437e-05,1665018317,105682.14,14287042,buy,4437,4.6891165518
5.563e-05,1665018406,105682.14,14287043,buy,5563,5.8790974482000005
0.0001,1665018406,105685,14287044,buy,10000,10.5685
0.0051471,1665018417,105800,14287045,buy,514710,544.56318
0.00397064,1665018452,105800,14287046,buy,397064,420.09371200000004
5.32e-05,1665018460,105710.33972497,14287047,sell,5320,5.623790073368404
0.01188226,1665018460,105800,14287048,buy,1188226,1257.143108
9.433e-05,1665018515,105999.99999999,14287049,buy,9433,9.998979999999056
0.00500567,1665018516,105999.99999999,14287050,buy,500567,530.60101999995
0.005,1665018516,106000,14287051,buy,500000,530.0
0.0001,1665018516,106055,14287052,buy,10000,10.605500000000001
0.00660909,1665018516,106119.4818917,14287053,buy,660909,701.3532065756154
6.69e-05,1665018525,106119.48189169,14287054,buy,6690,7.09939333855406
9.42e-06,1665018561,106119.48189169,14287055,buy,942,0.9996455194197197
0.0002447,1665018570,105897.79405492,14287056,sell,24470,25.913190205238923
0.0019,1665018605,106119.48183999,14287057,buy,190000,201.627015495981
0.00340062,1665018605,106119.48184,14287058,buy,340062,360.87203233474077
0.0076,1665018624,105923.9840075,14287059,sell,760000,805.022278457
0.0232144,1665018624,105923.81462434,14287060,sell,2321440,2458.957802215278
0.00909,1665018631,105928.0484266,14287061,sell,909000,962.8859601977941
0.00807,1665018631,105927.35964114,14287062,sell,807000,854.833792304
0.00899,1665018631,105927.32172244,14287063,sell,899000,952.2866222847356
0.00766,1665018631,105926.38772126,14287064,sell,766000,811.3961299448516
0.0569088,1665018631,105926.23008375,14287065,sell,5690880,6028.134642590112
0.00471122,1665018733,106129.56576348,14287066,buy,471122,499.99973281622226
0.00010933,1665018739,105903.02091414,14287067,sell,10933,11.578377276542925
0.00471176,1665018763,106117.4006611,14287068,buy,471176,499.99972373894445
0.00147274,1665018775,105815.38054168,14287069,sell,147274,155.83854353895381
0.00010842,1665018819,106061.75716534,14287070,buy,10842,11.499215711866162
2.922e-05,1665018865,106056.13381591,14287071,buy,2922,3.0989602301008903
0.00010457,1665018880,106049.44226476,14287072,buy,10457,11.089590177625952
0.0096,1665018883,105820.92372722,14287073,sell,959999,1015.8808677813118
0.00363,1665018883,105820.92372721,14287074,sell,363000,384.1299531297723
0.0026551,1665018883,105819.3592455,14287075,sell,265510,280.9609807327271
0.0002875,1665019021,105843.38467819,14287076,sell,28750,30.429973094979626
9.19e-05,1665019054,105856.44200613,14287077,sell,9190,9.728207020363348
0.00028508,1665019160,106005.0551917,14287078,buy,28508,30.219921134049834
0.0048,1665019336,105906.1335,14287079,sell,479999,508.3494407999999
0.00055008,1665019385,106019.99993999,14287080,buy,55008,58.319481566989694
9.434e-05,1665019457,105994.61092811,14287081,buy,9434,9.999531594957897
0.01,1665019468,105800.01,14287082,sell,1000000,1058.0001
0.00353891,1665019506,105964.61999999,14287083,buy,353891,374.99925336416464
0.0006651,1665019519,105800,14287084,sell,66510,70.36757999999999
0.00360645,1665019525,105800,14287085,sell,360645,381.56241
0.00110055,1665019525,105799.94,14287086,sell,110055,116.43812396700001
6.55e-05,1665019543,105799.94,14287087,sell,6550,6.929896070000001
0.00355985,1665019557,105799.94,14287088,sell,355985,376.631916409
0.00270785,1665019557,105710.2786943,14287089,sell,270785,286.24757816236024
4.719e-05,1665019618,105943.31140555,14287090,buy,4719,4.999464865227905
0.00018878,1665019623,105940.46197975,14287091,buy,18878,19.999440412537204
0.00023599,1665019714,105933.60288288,14287092,buy,23599,24.999270944330853
0.00031205,1665019720,105763.4291,14287093,sell,31205,33.003478050655
0.01126,1665019721,105931.87944341,14287094,buy,1126000,1192.7929625327965
0.0039,1665019721,105932.13050487,14287095,buy,390000,413.135308968993
0.00557,1665019721,105932.13050488,14287096,buy,557000,590.0419669121816
0.00758996,1665019721,105933.32,14287097,buy,758996,804.0296614672001
0.00472,1665019727,105763.42911001,14287098,sell,472000,499.2033853992472
4.248e-05,1665019734,105930.2219502,14287099,buy,4248,4.499915828444496
0.00017273,1665019784,105772.32377001,14287100,sell,17273,18.270053484793827
4.53e-05,1665019825,105930.22,14287101,sell,4530,4.798638966
0.0042587,1665019836,105930.22,14287102,sell,425870,451.125027914
0.06021779,1665019888,105930.22,14287103,sell,6021779,6378.8837426138
0.0125546,1665019909,105930.22,14287104,sell,1255460,1329.9115400120002
0.000198,1665019920,105699.00000001,14287105,sell,19800,20.928402000001977
0.0038231,1665019932,105699.00001001,14287106,sell,382310,404.09784693826924
0.00168018,1665019979,105699.00001001,14287107,sell,168018,177.5933458368186
0.00690722,1665020018,105699.00001,14287108,sell,690722,730.0862468490723
0.01052855,1665020018,105699.00000001,14287109,sell,1052855,1112.8572064501052
0.00014164,1665020027,105897.50617999,14287110,buy,14164,14.999322775333784
0.0023262,1665020091,105699,14287111,sell,232620,245.87701380000001
0.00010359,1665020094,105897.23788999,14287112,buy,10359,10.969894873024066
0.00393,1665020172,105716.24127882,14287113,sell,393000,415.46482822576263
0.0006027,1665020172,105715.89656018,14287114,sell,60269,63.714970856820486
0.0001,1665020312,105733.95297788,14287115,sell,10000,10.573395297788002
3.776e-05,1665020511,105931.66733999,14287116,buy,3775,3.9999797587580224
7.994e-05,1665020536,105717.4981822,14287117,sell,7994,8.451056804685068
0.0001185,1665020607,105712.6140571,14287118,sell,11850,12.526944765766348
0.00699723,1665020627,105708.0022807,14287119,sell,699723,739.6632047985826
7.567e-05,1665020632,105719.99999,14287120,buy,7567,7.999832399243299
0.00013859,1665020689,105720,14287121,buy,13859,14.651734800000002
3.19e-06,1665020689,105897.74903999,14287122,buy,319,0.3378138194375681
0.00356,1665020726,105709.248392,14287123,sell,356000,376.32492427551995
0.00356,1665020726,105708.1653233,14287124,sell,356000,376.321068550948
0.00404028,1665020726,105705.40119152,14287125,sell,404028,427.07941832607446
0.00188821,1665020748,105920.15357999,14287126,buy,188821,199.9994931912729
0.0013,1665020826,105730.42734619,14287127,sell,130000,137.449555550047
0.0017202,1665020826,105730.42734618,14287128,sell,172020,181.87748112089886
9.959e-05,1665020830,105931.421,14287129,buy,9959,10.54971021739
0.00472,1665020842,105737.72304024,14287130,sell,472000,499.0820527499328
0.00472014,1665020885,105928.87156999,14287131,buy,472014,499.9991038523726
0.004,1665020895,105716.59033966,14287132,sell,400000,422.86636135864
0.01194,1665020895,105716.59033965,14287133,sell,1194000,1262.256088655421
0.00369,1665020895,105716.58601194,14287134,sell,369000,390.09420238405863
0.00841,1665020895,105716.5534885,14287135,sell,841000,889.0762148382851
0.0043425,1665020895,105715.23284344,14287136,sell,434250,459.0683986226382
0.00020768,1665020933,105928.87156999,14287137,buy,20768,21.999308047655525
0.00094402,1665020954,105928.87156999,14287138,buy,94402,99.99897333950196
0.0001888,1665020965,105928.87156999,14287139,buy,18880,19.999370952414115
0.0005664,1665020969,105714.28540001,14287140,sell,56640,59.87657125056567
0.0009,1665020969,105714.28540001,14287141,sell,90000,95.142856860009
0.00283208,1665021070,105928.87157,14287142,buy,283208,299.9990385959656
0.00389643,1665021084,105928.87157,14287143,buy,389643,412.74443305149515
0.00851389,1665021084,105933.32,14287144,buy,851389,901.9046338148
0.0032796,1665021127,105933.32,14287145,buy,327960,347.41891627200005
0.00061655,1665021139,105933.32,14287146,buy,61655,65.313188446
0.00332591,1665021139,105989.52854295,14287147,buy,332591,352.5116328762829
0.00617191,1665021200,105996.71182599,14287148,buy,617191,654.2021656859459
2.403e-05,1665021208,106000,14287149,buy,2403,2.54718
0.00607905,1665021208,106000,14287150,buy,607905,644.3793
0.00605304,1665021219,105998.59356827,14287151,buy,605304,641.613726812481
0.00041388,1665021228,105859.48806625,14287152,sell,41388,43.81312492085955
0.02775237,1665021233,106000,14287153,buy,2775237,2941.7512199999996
3.02e-06,1665021233,106019,14287154,buy,302,0.32017738
0.00020698,1665021252,106019,14287155,buy,20698,21.94381262
0.00031,1665021252,106020,14287156,buy,31000,32.8662
0.0001,1665021252,106021,14287157,buy,10000,10.6021
0.00025,1665021252,106025,14287158,buy,25000,26.50625
0.00335354,1665021252,106099.99999998,14287159,buy,335354,355.81059399993296
0.00371093,1665021290,106019,14287160,buy,371093,393.42908767
0.00057887,1665021332,106019,14287161,buy,57887,61.37121853
0.00703528,1665021343,106099.99999999,14287162,buy,703528,746.4432079999297
6.597e-05,1665021363,106099.99999999,14287163,buy,6596,6.999416999999339
0.00035344,1665021363,106099.99999999,14287164,buy,35344,37.499983999996466
0.0001476,1665021365,106002.69639284,14287165,sell,14760,15.645997987583184
4.712e-05,1665021379,106099.99999999,14287166,buy,4712,4.999431999999529
0.002,1665021456,106100,14287167,buy,200000,212.20000000000002
0.02945268,1665021469,106200,14287168,buy,2945268,3127.874616
0.00180451,1665021469,106200,14287169,buy,180451,191.638962
0.00101562,1665021507,106199.99999999,14287170,buy,101562,107.85884399998986
0.00348,1665021545,106169.14995305,14287171,sell,348000,369.468641836614
0.00334,1665021545,106167.40539723,14287172,sell,334000,354.59913402674823
0.0099011,1665021545,106166.16161511,14287173,sell,990110,1051.1617827673656
0.00011911,1665021609,106197.1469718,14287174,buy,11911,12.649142175811098
9.42e-05,1665021611,106121.64638092,14287175,sell,9420,9.996659089082664
0.00100022,1665021624,106200,14287176,buy,100022,106.223364
0.00019527,1665021630,106200,14287177,buy,19527,20.737674
0.0008,1665021630,106200,14287178,buy,80000,84.96000000000001
0.12045187,1665021630,106205.51,14287179,buy,12045187,12792.6522838037
0.00199449,1665021642,106205.51,14287180,buy,199448,211.82582763989996
0.01313622,1665021642,106207,14287181,buy,1313622,1395.15851754
0.00193378,1665021649,106207,14287182,buy,193378,205.38097246
0.0003,1665021649,106213.69,14287183,buy,29999,31.864106999999997
0.0003,1665021649,106246.39,14287184,buy,29999,31.873917
0.00024925,1665021649,106250,14287185,buy,24925,26.4828125
0.0004985,1665021649,106250,14287186,buy,49850,52.965625
0.00800439,1665021649,106250,14287187,buy,800439,850.4664375
0.00054597,1665021654,106250,14287188,buy,54597,58.0093125
0.00198026,1665021678,106250,14287189,buy,198026,210.40262500000003
0.0003111,1665021678,106293.66,14287190,buy,31110,33.067957626
0.00593,1665021678,106298.21331983,14287191,buy,593000,630.348404986592
0.04600298,1665021678,106300,14287192,buy,4600298,4890.116774
0.08720523,1665021685,106300,14287193,buy,8720523,9269.915949
0.00860315,1665021685,106300,14287194,buy,860315,914.514845
0.0066,1665021711,106297.08719944,14287195,buy,660000,701.5607755163039
0.00326294,1665021711,106297.08719945,14287196,buy,326294,346.84101770657344
0.06504776,1665021717,106300,14287197,buy,6504776,6914.576888
0.00029162,1665021738,106300,14287198,buy,29161,30.999205999999997
0.00159943,1665021753,106300,14287199,buy,159943,170.019409
0.05,1665021928,106300,14287200,buy,5000000,5315.0
0.10002528,1665021933,106300,14287201,buy,10002528,10632.687264
0.00940733,1665021942,106300,14287202,buy,940733,999.999179
0.15005001,1665021943,106300,14287203,buy,15005001,15950.316063000002
0.15007502,1665021952,106300,14287204,buy,15007502,15952.974626000001
9.4e-06,1665021960,106300,14287205,buy,940,0.99922
0.15007503,1665021960,106300,14287206,buy,15007503,15952.975688999999
0.14132005,1665021973,106300,14287207,buy,14132005,15022.321315000001
7.503e-05,1665021973,106300.3,14287208,buy,7503,7.975711509000001
0.00331452,1665021975,106300.3,14287209,buy,331452,352.334470356
0.0003699,1665021983,106363.39,14287210,buy,36990,39.343817961
0.00476069,1665021983,106373.52,14287211,buy,476069,506.4113529288
1.19e-05,1665021988,106307.33878195,14287212,sell,1190,1.265057331505205
0.00029921,1665021991,106373.52,14287213,buy,29921,31.8280209192
0.0003699,1665021991,106396.93,14287214,buy,36990,39.356224407
0.02927045,1665021991,106400,14287215,buy,2927045,3114.37588
0.01169,1665021999,106310.93270669,14287216,sell,1169000,1242.7748033412063
0.00708,1665021999,106310.81158933,14287217,sell,708000,752.6805460524564
0.0067637,1665021999,106310.54140446,14287218,sell,676370,719.0526088973461
0.00011522,1665022030,106400,14287219,buy,11522,12.259408
0.00048278,1665022043,106331.77718555,14287220,sell,48278,51.33485538963983
0.00029671,1665022099,106361.00438101,14287221,sell,29671,31.55837360988948
0.00055133,1665022110,106400,14287222,buy,55133,58.661512
0.00055867,1665022110,106459.63,14287223,buy,55867,59.475801492100004
7.133e-05,1665022160,106459.63,14287224,buy,7133,7.5937654079
0.00086779,1665022160,106484.14412755,14287225,buy,86779,92.4058754324466
0.0005,1665022169,106389.6258,14287226,sell,50000,53.194812899999995
0.00093907,1665022213,106487.81011251,14287227,buy,93907,99.99950784235476
0.0002348,1665022228,106382.23208774,14287228,sell,23480,24.97854809420135
0.00010164,1665022272,106384.04986377,14287229,sell,10164,10.812874828153582
0.00037685,1665022283,106486.52555528,14287230,buy,37685,40.12944715550727
0.00164341,1665022288,106485.43112227,14287231,buy,164341,174.99922236064975
0.00099734,1665022296,106366.00467,14287232,sell,99734,106.0830710975778
0.00046892,1665022313,106366.00465827,14287233,sell,46892,49.87714690435597
0.00099685,1665022325,106384.04979,14287234,buy,99685,106.04894003316151
0.00176049,1665022325,106384.0498,14287235,buy,176049,187.288055832402
0.00260868,1665022325,106484.09050277,14287236,buy,260868,277.78291721276605
0.0003096,1665022365,106366.00001,14287237,sell,30960,32.930913603096
0.00030718,1665022406,106483.94912,14287238,buy,30718,32.7097394906816
2.61e-05,1665022445,106300.00001,14287239,sell,2610,2.7744300002610003
6.047e-05,1665022538,106485.86012051,14287240,buy,6047,6.4391999614872395
0.01216,1665022542,106484.00519062,14287241,buy,1216000,1294.8455031179392
0.0009366,1665022542,106490.63,14287242,buy,93660,99.739124058
0.0044465,1665022542,106491.52484727,14287243,buy,444650,473.51456523338607
0.00046955,1665022567,106484.19043986,14287244,buy,46955,49.999651621036264
0.01214,1665022724,106359.72211123,14287245,buy,1214000,1291.2070264303322
0.01396,1665022724,106360.4119209,14287246,buy,1396000,1484.791350415764
0.01412,1665022724,106361.31135471,14287247,buy,1412000,1501.821716328505
0.01961,1665022724,106361.99872689,14287248,buy,1961000,2085.7587950343127
0.01202,1665022724,106362.56909955,14287249,buy,1202000,1278.478080576591
0.02045,1665022724,106363.42465854,14287250,buy,2045000,2175.132034267143
0.0062,1665022724,106363.43684599,14287251,buy,620000,659.453308445138
0.0194,1665022724,106364.10471825,14287252,buy,1940000,2063.4636315340504
0.00575,1665022724,106365.02121449,14287253,buy,575000,611.5988719833175
0.02066,1665022724,106365.62083703,14287254,buy,2066000,2197.51372649304
0.04372202,1665022724,106371.6,14287255,buy,4372202,4650.781222632
0.00110216,1665022733,106300,14287256,sell,110216,117.159608
0.0005,1665022733,106250,14287257,sell,50000,53.125
0.0112,1665022733,105999.00916613,14287258,sell,1120000,1187.188902660656
0.01000784,1665022733,105999.00916612,14287259,sell,1000784,1060.8211238930623
0.0107,1665022856,106286.6370038,14287260,buy,1070000,1137.26701594066
0.002,1665022856,106300,14287261,buy,200000,212.6
0.00989,1665022856,106329.98054008,14287262,buy,989000,1051.603507541391
0.00562897,1665022856,106330.05122729,14287263,buy,562897,598.5286684568786
0.00028234,1665022937,106323.46512931,14287264,buy,28234,30.019367144609387
0.00254108,1665022961,106324.60321576,14287265,buy,254107,270.1793227395034
0.00235145,1665022991,106317.19999841,14287266,buy,235145,249.9995799362612
0.00113537,1665023098,106229.48430188,14287267,buy,113536,120.60976959182548
0.01624,1665023211,106198.72047557,14287268,buy,1624000,1724.667220523257
0.00974,1665023211,106199.26647333,14287269,buy,974000,1034.3808554502343
0.00914,1665023211,106200.41696861,14287270,buy,914000,970.6718110930955
0.00392436,1665023211,106200.69240498,14287271,buy,392436,416.7697492464073
4.408e-05,1665023291,105912.51122362,14287272,sell,4408,4.668623494737169
0.0095,1665023461,105915.71114358,14287273,sell,950000,1006.19925586401
0.00447719,1665023472,105906.61709384,14287274,sell,447719,474.1640469863695
0.0069,1665023486,106171.62150612,14287275,buy,690000,732.584188392228
0.00158824,1665023486,106171.66,14287276,buy,158824,168.6260772784
0.01015255,1665023486,106173.237562,14287277,buy,1015255,1077.929103010083
0.0025,1665023577,106172.19675376,14287278,buy,250000,265.4304918844
0.00884,1665023577,106187.06199341,14287279,buy,884000,938.6936280217444
0.00846,1665023577,106187.45930428,14287280,buy,846000,898.3459057142088
0.01316086,1665023577,106188.287562,14287281,buy,1316086,1397.5291862432232
9.416e-05,1665023652,106200.69,14287282,buy,9416,9.999856970400002
0.0002435,1665023681,105986.5395395,14287283,sell,24350,25.80772237786825
0.01086,1665023704,105997.4448707,14287284,sell,1086000,1151.132251295802
0.0075,1665023704,105997.12703095,14287285,sell,750000,794.978452732125
0.01303,1665023704,105997.12703094,14287286,sell,1303000,1381.1425652131481
0.0077,1665023704,105996.97815737,14287287,sell,770000,816.176731811749
0.01019,1665023704,105996.97815736,14287288,sell,1018999,1080.1092074234984
0.01276,1665023704,105996.25907618,14287289,sell,1276000,1352.5122658120567
0.06337897,1665023704,105995.8491759,14287290,sell,6337897,6717.907745043892
0.05,1665023704,105995.8469,14287291,sell,5000000,5299.792345000001
0.01209,1665023704,105995.77843572,14287292,sell,1209000,1281.4889612878549
0.00509,1665023704,105995.62578112,14287293,sell,509000,539.5177352259008
0.01041,1665023704,105995.58618506,14287294,sell,1041000,1103.4140521864747
0.01175103,1665023704,105995.1807973,14287295,sell,1175103,1245.5525494044962
0.00628773,1665023724,106005.7559408,14287296,sell,628773,666.5355718016464
0.0021196,1665023828,105991.21654,14287297,sell,211960,224.658982578184
0.00045722,1665023865,106184.60973,14287298,buy,45722,48.5497272607506
0.00047087,1665023884,106184.56838,14287299,buy,47087,49.9991277130906
0.00023543,1665023887,106184.56837,14287300,buy,23543,24.9990329313491
4.6e-05,1665023895,105915.10692774,14287301,sell,4600,4.87209491867604
2.92e-05,1665023972,105908.48054438,14287302,sell,2920,3.092527631895896
0.0002627,1665024069,105935.09673294,14287303,sell,26270,27.829149911743336
0.00018839,1665024088,106162.27577999,14287304,buy,18839,19.999911134192317
0.00010361,1665024271,106166.56603999,14287305,buy,10361,10.999917907403363
8.74e-05,1665024309,105915.65147135,14287306,sell,8740,9.25702793859599
0.00470958,1665024364,106166.56565999,14287307,buy,470957,499.99993430097567
0.01042,1665024394,105967.67156946,14287308,sell,1042000,1104.1831377537733
0.0074,1665024394,105966.85635647,14287309,sell,740000,784.154737037878
0.0087731,1665024394,105966.85635646,14287310,sell,877310,929.6578275008593
0.00574305,1665024421,106166.56543999,14287311,buy,574305,609.7198936501346
0.00098339,1665024480,106171.21997,14287312,buy,98339,104.4077160062983
0.00473929,1665024480,106171.22,14287313,buy,473929,503.17620123380004
0.00369551,1665024480,106187.19361787,14287314,buy,369551,392.41583588677474
0.00010847,1665024730,106197.3482012,14287315,buy,10847,11.519226359384163
0.0037669,1665024762,106190.57441649,14287316,buy,376690,400.0092747694762
0.00070627,1665024801,106190.56439999,14287317,buy,70627,74.99920991878095
0.01014,1665024929,106058.28254792,14287318,sell,1014000,1075.4309850359086
0.0078,1665024929,106057.8446621,14287319,sell,780000,827.25118836438
0.0045,1665024929,106057.84466209,14287320,sell,449999,477.260300979405
0.01082,1665024929,106057.02246154,14287321,sell,1082000,1147.5369830338627
0.00432,1665024929,106056.54032129,14287322,sell,432000,458.1642541879728
0.01059,1665024929,106056.23286952,14287323,sell,1059000,1123.1355060882167
0.01471,1665024929,106055.72510828,14287324,sell,1471000,1560.079716342799
0.00845,1665024929,106055.22433458,14287325,sell,844999,896.1666456272009
0.00882,1665024929,106054.77480284,14287326,sell,882000,935.4031137610488
0.01408,1665024929,106054.0108318,14287327,sell,1408000,1493.240472511744
0.0117731,1665024929,106053.74530528,14287328,sell,1177310,1248.5813488535919
0.00015793,1665024974,106184.73419045,14287329,buy,15793,16.76975507069777
0.00490748,1665024993,106061.91839791,14287330,sell,490747,520.4967432993753
0.00689231,1665024996,106061.91841,14287331,sell,689231,731.0116208764271
0.01254,1665024996,106061.9183979,14287332,sell,1254000,1330.016456709666
0.00698,1665024996,106053.07683062,14287333,sell,698000,740.2504762777277
0.00893,1665024996,106053.02791784,14287334,sell,893000,947.0535393063112
0.00902,1665024996,106053.0092844,14287335,sell,902000,956.5981437452881
0.01189,1665024996,106052.41767268,14287336,sell,1189000,1260.9632461281653
0.00856,1665024996,106051.8330485,14287337,sell,856000,907.80369089516
0.00368,1665024996,106051.67699344,14287338,sell,368000,390.27017133585923
0.00721,1665024996,106051.2623994,14287339,sell,721000,764.6296018996741
0.00435269,1665024996,106051.14826958,14287340,sell,435269,461.6077725615182
0.00423764,1665025173,106191.15619999,14287341,buy,423764,449.9998911593256
0.00026558,1665025469,106191.15609999,14287342,buy,26558,28.202247237035344
0.00046736,1665025475,106191.15609999,14287343,buy,46736,49.62949871489133
0.000124,1665025507,105916.45344502,14287344,sell,12400,13.13364022718248
0.0063,1665025559,105914.05676249,14287345,sell,630000,667.258557603687
0.05093528,1665025559,105914.05676248,14287346,sell,5093528,5394.762137132812
0.00395592,1665025559,105914,14287347,sell,395592,418.98731088
7.734e-05,1665025652,106150.71299996,14287348,buy,7734,8.209696143416906
0.0095,1665025718,105900,14287349,sell,950000,1006.05
0.00310903,1665025915,106142.12742977,14287350,buy,310903,329.99905844297786
0.0016689,1665025961,105900.00000001,14287351,sell,166890,176.7365100000167
0.00023554,1665026075,106136.77915999,14287352,buy,23554,24.999456963344045
0.00048432,1665026095,105915.21445733,14287353,sell,48432,51.29685666597407
7.05e-05,1665026103,105917.43391752,14287354,sell,7050,7.4671790911851605
6.59e-05,1665026375,105989,14287355,sell,6590,6.9846751000000005
0.00029428,1665026468,106189.20736,14287356,buy,29428,31.2493599419008
0.0001928,1665026572,106171.11999148,14287357,buy,19280,20.469791934357342
0.0034501,1665026662,105900,14287358,sell,345010,365.36559
0.0002636,1665026777,105918.58390512,14287359,sell,26360,27.920138717389634
3.956e-05,1665026805,106143.63314,14287360,buy,3956,4.199042127018401
0.0001345,1665026847,105941.54037534,14287361,sell,13449,14.24913718048323
0.0006314,1665026973,106001.32522007,14287362,sell,63139,66.92923674395219
0.0009434,1665026974,106001.32522007,14287363,sell,94340,100.00165021261402
0.00015999,1665027140,106189.83978999,14287364,buy,15999,16.9893124680005
9.41e-06,1665027142,106188.48943853,14287365,buy,941,0.9992336856165672
0.00022365,1665027183,106188.48925999,14287366,buy,22365,23.749055622996764
0.00047083,1665027332,106195.24453999,14287367,buy,47083,49.99990698676349
0.0013,1665027334,106046.00000001,14287368,sell,130000,137.859800000013
0.0006355,1665027334,106046,14287369,sell,63550,67.392233
0.0001902,1665027337,106046.01000001,14287370,sell,19020,20.169951102001903
0.00655503,1665027558,106195.24391,14287371,buy,655503,696.1130096873674
2.8e-07,1665027558,106200,14287372,buy,28,0.029736000000000002
0.00199972,1665027569,106200,14287373,buy,199972,212.370264
0.01383749,1665027569,106200.69,14287374,buy,1383749,1469.5509858681
0.00017249,1665027701,106077.8349138,14287375,sell,17249,18.29736574428136
0.0083399,1665027860,106164.0344,14287376,sell,833990,885.3974304925601
0.00019792,1665028184,106036.00001,14287377,sell,19792,20.9866451219792
0.00027932,1665028200,106036.96893888,14287378,sell,27932,29.618246164007964
0.00021429,1665028209,106036,14287379,sell,21429,22.72245444
0.00318,1665028341,106028.53566292,14287380,sell,318000,337.17074340808557
1.868e-05,1665028352,106019,14287381,sell,1868,1.98043492
0.00013476,1665028485,106011.69957862,14287382,sell,13475,14.28613663521483
0.00093611,1665028564,106015.03941278,14287383,sell,93611,99.24173854469748
0.00903877,1665028574,106022.25,14287384,buy,903877,958.3107326324999
0.00555597,1665028644,106067.79938949,14287385,sell,555597,589.3095113740247
9.425e-05,1665028747,106200.68999999,14287386,buy,9425,10.009415032499058
0.0066935,1665028850,106104.14866,14287387,sell,669350,710.20811905571
0.00589,1665028850,106104.14864574,14287388,sell,589000,624.9534355234086
0.00320806,1665028850,106103.62297244,14287389,sell,320806,340.3867887129659
7.265e-05,1665028903,106038.2111736,14287390,sell,7265,7.70367604176204
0.00688799,1665029372,106200.68997,14287391,buy,688799,731.5092905064604
0.00198703,1665029435,106200.69,14287392,buy,198703,211.0239570507
9.42e-06,1665029435,106200.69,14287393,buy,942,1.0004104998
0.0001,1665029474,106400,14287394,buy,10000,10.64
0.00034221,1665029474,106483.62250468,14287395,buy,34221,36.43976045732654
9.39e-06,1665029523,106483.62250468,14287396,buy,939,0.9998812153189451
0.00284,1665029565,106281.57601649,14287397,sell,284000,301.8396758868316
0.03880794,1665029565,106279.91485835,14287398,sell,3880794,4124.504559027955
0.00080021,1665029565,106279.91318894,14287399,sell,80021,85.04624933292168
0.0008209,1665029738,106303.01214657,14287400,sell,82090,87.26414267111932
0.00074169,1665029796,106485.2775604,14287401,buy,74169,78.97906551377308
0.00365031,1665029895,106484.07100283,14287402,buy,365031,388.69986922234034
4.695e-05,1665029929,106483.9101285,14287403,buy,4695,4.9994195805330754
0.00065737,1665030104,106483.58350484,14287404,buy,65737,69.99911328857668
6.097e-05,1665030195,106344.35594618,14287405,sell,6097,6.483815382038595
0.00103302,1665030383,106483.35438078,14287406,buy,103302,109.99943474243335
0.0096,1665030900,106472.56569389,14287407,buy,959999,1022.1366306613439
0.00495127,1665030900,106486.37,14287408,buy,495127,527.2427691899
0.0006853,1665031317,106310.00001,14287409,sell,68530,72.85424300685301
0.0001418,1665031371,106234.51680001,14287410,sell,14180,15.064054482241417
0.00283588,1665031378,106237.04329836,14287411,sell,283588,301.2755063489532
0.00010807,1665031418,106250.41026979,14287412,sell,10807,11.482481837856204
0.00067944,1665031456,106483.52201999,14287413,buy,67944,72.34916420126201
0.001,1665031511,106227.00322182,14287414,sell,100000,106.22700322182001
0.00093911,1665031666,106483.52092999,14287415,buy,93911,99.99973934056291
0.00067474,1665031796,106227.05654931,14287416,sell,67474,71.67564413608143
0.00046671,1665032289,106457.47999999,14287417,buy,46671,49.68477049079533
0.0099,1665032350,106441.44585999,14287418,buy,990000,1053.770314013901
0.00068496,1665032350,106441.44586,14287419,buy,68496,72.9081327562656
0.01246,1665032350,106442.97205952,14287420,buy,1246000,1326.2794318616193
0.00623,1665032350,106445.43392442,14287421,buy,623000,663.1550533491366
0.02262,1665032350,106445.66792346,14287422,buy,2262000,2407.801008428665
0.02216,1665032350,106446.02867198,14287423,buy,2216000,2358.8439953710767
0.01545,1665032350,106446.46985767,14287424,buy,1545000,1644.5979593010015
0.00651,1665032350,106446.95248069,14287425,buy,651000,692.9696606492919
0.01629,1665032350,106447.55454072,14287426,buy,1629000,1734.0306634683286
0.01246,1665032350,106447.83241458,14287427,buy,1246000,1326.339991885667
0.10937901,1665032350,106457.48,14287428,buy,10937901,11644.2137694948
0.00023498,1665032480,106391.51018982,14287429,buy,23498,24.999877064403904
0.0001488,1665032595,106450.01836863,14287430,buy,14880,15.839762733252146
0.00898206,1665032775,106132.44627456,14287431,sell,898206,953.2880003848744
2.096e-05,1665032894,106000.00000001,14287432,sell,2096,2.2217600000002093
4.149e-05,1665032972,106047.49165646,14287433,buy,4149,4.399910428826525
0.0233085,1665032975,106000,14287434,sell,2330850,2470.701
0.0166915,1665032981,106000,14287435,sell,1669150,1769.2990000000002
0.0070499,1665032985,105900,14287436,sell,704990,746.5844099999999
0.0002629,1665033184,105730.14073324,14287437,sell,26290,27.796453998768794
0.00765,1665033231,105745.16749749,14287438,sell,765000,808.9505313557984
0.0105,1665033231,105744.10573001,14287439,sell,1050000,1110.313110165105
0.00748,1665033231,105744.06346617,14287440,sell,748000,790.9655947269516
0.00789,1665033231,105742.86393847,14287441,sell,789000,834.3111964745283
0.00648,1665033231,105732.68542187,14287442,sell,648000,685.1478015337176
0.0002319,1665033257,105744.94156704,14287443,sell,23190,24.522251949396576
0.00047214,1665033444,105899.99999999,14287444,buy,47214,49.99962599999528
0.01909664,1665034349,105900,14287445,buy,1909664,2022.334176
0.00021506,1665034395,105900.99,14287446,buy,21506,22.7750669094
2.84e-05,1665034573,106093.48579001,14287447,sell,2840,3.013054996436284
0.0041,1665034612,106092.00209095,14287448,sell,410000,434.97720857289505
0.0048176,1665034612,106092.00209094,14287449,sell,481760,511.10882927331255
1.307e-05,1665034664,106319.6871068,14287450,buy,1307,1.389598310485876
0.00689708,1665034886,106010.28797,14287451,sell,689708,731.1614369521276
0.00344,1665034886,106007.5604878,14287452,sell,344000,364.666008078032
0.00843,1665034886,106006.46111484,14287453,sell,843000,893.6344671981012
0.00720022,1665034886,106006.12341422,14287454,sell,720022,763.2674099295351
0.00018396,1665034887,106321.78555047,14287455,buy,18396,19.55895566986446
0.00094117,1665035017,106250.08777,14287456,buy,94117,99.9993951064909
0.00196247,1665035398,105849,14287457,sell,196247,207.72548703
0.00188391,1665035402,106161.99287999,14287458,buy,188391,199.99964000654194
0.00087017,1665035454,106161.9527,14287459,buy,87017,92.378946380959
0.00554,1665036589,105916.81947999,14287460,buy,554000,586.7791799191446
9.47e-06,1665036801,105897.23989,14287461,buy,947,1.0028468617583
2.833e-05,1665036964,105880.64996999,14287462,buy,2833,2.999598813649817
2.834e-05,1665036981,105880.61999999,14287463,buy,2834,3.0006567707997167
0.00695,1665037186,105745.19358504,14287464,sell,695000,734.929095416028
0.00095,1665037186,105743.37216628,14287465,sell,95000,100.45620355796599
0.00505057,1665037348,105743.37216628,14287466,sell,505057,534.0643031618488
0.00087943,1665037366,105743.37216628,14287467,sell,87943,92.99389378419161
0.0015731,1665037366,105743.35353284,14287468,sell,157310,166.3448694425106
0.0064169,1665037493,105743.35353284,14287469,sell,641690,678.5445252848809
0.00560028,1665037493,105743.20752014,14287470,sell,560028,592.1915702108896
0.00127972,1665037499,105743.20752014,14287471,sell,127972,135.32169752767356
0.00510438,1665037499,105743.08101878,14287472,sell,510438,539.7528678906402
0.00660562,1665037683,105743.08101878,14287473,sell,660562,698.4986108392735
0.00159872,1665037708,105742.59189098,14287474,sell,159872,169.05279650794753
0.00169128,1665037720,105742.59189098,14287475,sell,169128,178.84033081337665
0.00825,1665037720,105742.1819553,14287476,sell,825000,872.373001131225
5.9e-05,1665037720,105741.72543602,14287477,sell,5900,6.23876180072518
0.006451,1665037805,105741.72543602,14287478,sell,645100,682.1398707877651
0.00195,1665037805,105727.92668768,14287479,sell,195000,206.16945704097597
0.01233,1665037833,105727.92668768,14287480,sell,1233000,1303.6253360590945
0.00767,1665037839,105714.706262,14287481,sell,767000,810.83179702954
0.00016793,1665038448,105757.42998999,14287482,buy,16793,17.759845218219024
3.783e-05,1665038623,105714.72,14287483,buy,3783,3.9991878576000004
0.00283703,1665038692,105744.04999,14287484,buy,283703,299.9990421431297
0.00754,1665039390,105714.706262,14287485,sell,754000,797.08888521548
0.01158,1665039407,105714.19850076,14287486,sell,1158000,1224.1704186388008
0.00843,1665039415,105713.68608116,14287487,sell,843000,891.1663736641789
0.01488338,1665039432,105713.55797626,14287488,sell,1488338,1573.3750545127084
1.662e-05,1665039439,105713.55797626,14287489,sell,1662,1.7569593335654412
0.006,1665039439,105712.61,14287490,sell,600000,634.27566
0.0063,1665039450,105699.00000001,14287491,sell,630000,665.9037000000629
0.04813876,1665039450,105699,14287492,sell,4813876,5088.21879324
0.0063,1665039459,105699,14287493,sell,630000,665.9037
7.598e-05,1665039515,105550,14287494,sell,7598,8.019689
0.0002616,1665039916,105207.18356945,14287495,sell,26160,27.522199221768123
0.0009384,1665039917,105207.18356945,14287496,sell,93840,98.72642106157188
0.0090616,1665039917,105207.18356944,14287497,sell,906160,953.3454146328376
0.01,1665039928,105207.19626835,14287498,sell,1000000,1052.0719626835
0.00016328,1665040816,105705.64548436,14287499,buy,16328,17.2596177946863
0.00024529,1665042269,105588.90168,14287500,buy,24529,25.899901693087198
0.0699868,1665042343,105588.9,14287501,sell,6998680,7389.82922652
0.00244,1665043630,105417.88348624,14287502,sell,244000,257.2196357064256
0.015245,1665043630,105416.84327773,14287503,sell,1524500,1607.0797757689938
0.00023686,1665043979,105544.11047,14287504,buy,23686,24.9991780059242
0.00047386,1665044440,105515.37127026,14287505,buy,47386,49.9995138301254
0.00078196,1665044522,105451.87304368,14287506,buy,78196,82.459146645236
9.21e-06,1665044548,105304.01,14287507,sell,921,0.9698499320999999
0.0001609,1665045128,105207,14287508,sell,16090,16.9278063
0.0228391,1665045132,105207,14287509,sell,2283910,2402.8331937000003
4.752e-05,1665045144,105204.53083382,14287510,buy,4752,4.999319305223127
0.00203661,1665045632,105204.53,14287511,sell,203661,214.2605978433
1.168e-05,1665045742,105304.00961,14287512,buy,1168,1.2299508322447998
0.00261214,1665046110,105287.03493,14287513,buy,261214,275.0244754220502
0.01744,1665046110,105292.47785895,14287514,buy,1744000,1836.300813860088
0.02348,1665046110,105294.28891402,14287515,buy,2348000,2472.30990370119
0.02348,1665046110,105294.31328892,14287516,buy,2348000,2472.310476023842
0.01708,1665046110,105294.35716374,14287517,buy,1708000,1798.4276203566794
0.00719,1665046110,105296.50946741,14287518,buy,719000,757.0819030706779
0.00369,1665046110,105296.56552968,14287519,buy,369000,388.5443268045192
0.00013495,1665046408,105217.33148373,14287520,buy,13495,14.199078883729364
0.001,1665046505,105204.53000001,14287521,sell,100000,105.20453000001
0.00944594,1665046505,105204.53,14287522,sell,944594,993.7556781082
0.01177027,1665046599,105204.53,14287523,sell,1177027,1238.2857233231
0.00161575,1665046606,105214.29609587,14287524,buy,161575,169.99999891690194
0.00010387,1665046620,105204.53,14287525,sell,10387,10.9275945311
0.00055295,1665046620,105000.00001,14287526,sell,55295,58.0597500055295
0.00097816,1665046959,105000,14287527,sell,97816,102.7068
0.00202184,1665047070,105000,14287528,sell,202184,212.2932
0.02712295,1665047070,105000,14287529,sell,2712295,2847.90975
0.02002311,1665047070,104982,14287530,sell,2002311,2102.06613402
0.00016874,1665047267,105304.00985,14287531,buy,16874,17.768998622089
3.77e-05,1665047553,105304.00854999,14287532,buy,3770,3.9699611223346234
6.59e-05,1665047646,105304.00812999,14287533,buy,6590,6.939534135766341
0.003808,1665047719,105030,14287534,sell,380800,399.95424
0.0001765,1665047769,104999,14287535,sell,17650,18.5323235
0.00616,1665047864,105026.90926268,14287536,buy,616000,646.9657610581088
0.00629,1665047864,105028.25231967,14287537,buy,629000,660.6277070907242
0.02019563,1665047864,105030,14287538,buy,2019563,2121.1470188999997
0.00038394,1665047923,105029.99999,14287539,buy,38394,40.3252181961606
0.00152027,1665047923,105030,14287540,buy,152027,159.6739581
0.008,1665047936,105001.01533405,14287541,sell,800000,840.0081226724
0.00775,1665047936,105000.9673654,14287542,sell,775000,813.75749708185
0.00329,1665047936,105000.79657291,14287543,sell,329000,345.4526207248739
0.00652,1665047936,104999.8260672,14287544,sell,652000,684.598865958144
0.02498625,1665047936,104999.7584697,14287545,sell,2498625,2623.5502150635416
0.05000631,1665047966,105030,14287546,buy,5000631,5252.1627393
0.02858815,1665048059,105030,14287547,buy,2858815,3002.6133945
0.00037253,1665048469,105037.08497887,14287548,sell,37253,39.12946526717844
0.0069,1665048657,105304.00999998,14287549,buy,690000,726.597668999862
0.00110279,1665048657,105304.01,14287550,buy,110279,116.1282091879
0.00626,1665048657,105347.77655544,14287551,buy,626000,659.4770812370543
0.02044,1665048657,105348.82711363,14287552,buy,2044000,2153.3300262025973
0.01585,1665048657,105349.41698621,14287553,buy,1585000,1669.7882592314284
0.02112,1665048657,105350.11410835,14287554,buy,2112000,2224.994409968352
0.02022,1665048657,105350.80148053,14287555,buy,2021999,2130.1932059363166
0.01253,1665048657,105351.45716534,14287556,buy,1253000,1320.0537582817103
0.02044,1665048657,105352.11285015,14287557,buy,2044000,2153.397186657066
0.0124,1665048657,105352.62716054,14287558,buy,1240000,1306.3725767906958
0.0124,1665048657,105353.38765742,14287559,buy,1240000,1306.382006952008
0.01553,1665048657,105353.59484407,14287560,buy,1553000,1636.1413279284072
0.01226,1665048657,105353.6850312,14287561,buy,1226000,1291.636178482512
0.01239134,1665048657,105361.29,14287562,buy,1239134,1305.5675672286
0.0003377,1665049006,105095.29093948,14287563,sell,33770,35.490679750262395
0.00047464,1665049124,105340.98912994,14287564,buy,47464,49.999047080634725
0.00972536,1665049131,105340.98912994,14287565,buy,972536,1024.4790420447534
0.00831027,1665049131,105396.20843314,14287566,buy,831027,875.8709490556703
0.00147811,1665049135,105138.48091564,14287567,sell,147811,155.40624002621664
9.488e-05,1665049209,105394.20725384,14287568,buy,9488,9.999802384244338
0.0072,1665049384,105176.29494329,14287569,sell,720000,757.269323591688
0.00439,1665049384,105176.29494328,14287570,sell,439000,461.72393480099913
0.00425,1665049384,105174.73439268,14287571,sell,425000,446.99262116889
0.00851,1665049384,105174.20634404,14287572,sell,851000,895.0324959877804
0.00879,1665049384,105172.90200324,14287573,sell,878999,924.4698086084795
0.0067435,1665049384,105171.3019,14287574,sell,674350,709.2226743626501
0.00094911,1665049836,105361.44906863,14287575,buy,94911,99.99960492552741
0.0009497,1665050063,105295.78469373,14287576,buy,94970,99.99940672363539
0.0009497,1665050077,105295.78469373,14287577,buy,94970,99.99940672363539
0.00624231,1665050125,105295.83588102,14287578,buy,624231,657.2892492784499
2.749e-05,1665050250,105100.67,14287579,buy,2749,2.8892174183
0.00016283,1665050272,105030,14287580,sell,16283,17.1020349
4.74e-05,1665050302,105030,14287581,sell,4740,4.978422
0.0004758,1665050319,105084.36806687,14287582,buy,47580,49.99914232621675
0.00046988,1665050352,105030,14287583,sell,46988,49.3514964
3.159e-05,1665050368,105074.40356615,14287584,buy,3159,3.3193004086546782
0.00095171,1665050426,105073.69913154,14287585,buy,95171,99.99969020047793
0.00428951,1665050466,105030.00000001,14287586,sell,428951,450.5272353000429
0.0015342,1665050510,105030.00000001,14287587,sell,153420,161.13702600001534
0.0010055,1665050626,105030.00000001,14287588,sell,100550,105.60766500001006
0.01053,1665050640,105097.6512774,14287589,buy,1053000,1106.678267951022
0.01053,1665050640,105097.72683959,14287590,buy,1053000,1106.6790636208827
0.02163,1665050640,105098.18508771,14287591,buy,2163000,2273.2737434471674
0.01701,1665050640,105098.41177428,14287592,buy,1701000,1787.723984280503
0.0214,1665050640,105098.97727196,14287593,buy,2140000,2249.118113619944
0.01238,1665050640,105099.68170657,14287594,buy,1238000,1301.1340595273366
0.02304,1665050640,105099.85476836,14287595,buy,2304000,2421.5006538630146
0.01251,1665050640,105100.92726396,14287596,buy,1251000,1314.8126000721395
0.00504,1665050640,105101.33432479,14287597,buy,504000,529.7107249969416
0.01701,1665050640,105102.24838354,14287598,buy,1701000,1787.7892450040156
0.01756,1665050640,105103.27212934,14287599,buy,1756000,1845.6134585912102
0.05019818,1665050640,105104.33,14287600,buy,5019818,5276.0460761194
0.00266664,1665050709,105120.68,14287601,buy,266664,280.3190101152
0.00047547,1665050872,105156.94963961,14287602,buy,47547,49.99897484514537
0.0001,1665050912,105030,14287603,sell,10000,10.503
0.00047561,1665050960,105127.77069788,14287604,buy,47561,49.999819021618706
0.00921989,1665050968,105030,14287605,sell,921989,968.3650467
0.00190421,1665050968,105030,14287606,sell,190421,199.9991763
0.01017171,1665050968,105000,14287607,sell,1017171,1068.02955
0.00264242,1665050994,105000.00000001,14287608,sell,264242,277.4541000000264
0.00036439,1665051090,105000.00000001,14287609,sell,36439,38.260950000003646
0.01333,1665051111,105140.62259211,14287610,buy,1333000,1401.5244991528261
0.00569211,1665051111,105141.16615237,14287611,buy,569211,598.4750832675668
0.00019023,1665051141,105132.49843792,14287612,buy,19023,19.999355177845523
0.00853561,1665051152,105000.00000001,14287613,sell,853561,896.2390500000854
0.00587069,1665051152,105000,14287614,sell,587069,616.4224499999999
0.00223152,1665051193,105125.28103002,14287615,buy,223152,234.58916712411022
0.0083,1665051197,105000.00000001,14287616,sell,830000,871.500000000083
0.00409674,1665051197,105000,14287617,sell,409674,430.1577
9.755e-05,1665051254,105186.57660874,14287618,buy,9755,10.260950548182587
0.00131426,1665051284,105169.22167992,14287619,buy,131426,138.21970128505166
0.00057814,1665051424,105164.27845019,14287620,buy,57814,60.799675943192845
0.0036,1665051468,105000.00000001,14287621,sell,360000,378.000000000036
0.00033706,1665051468,105000,14287622,sell,33706,35.391299999999994
0.00015952,1665051468,105000,14287623,sell,15951,16.749599999999997
0.00043571,1665051468,105000,14287624,sell,43571,45.74955
0.00958761,1665051468,104961.2266476,14287625,sell,958761,1006.3273062187961
9.51e-05,1665051687,105147.85219652,14287626,buy,9510,9.999560743889052
0.00091775,1665051755,105147.85219652,14287627,buy,91775,96.49944135335623
0.0047552,1665051773,105147.85219652,14287628,buy,475520,499.99906676489195
0.00150743,1665051974,104971.45321249,14287629,sell,150743,158.2371177161038
0.00729,1665052018,105076.85820121,14287630,buy,729000,766.0102962868208
0.00222683,1665052018,105077.25307459,14287631,buy,222683,233.98917946408923
0.00264798,1665052049,104974.73883178,14287632,sell,264798,277.9710089317768
0.000298,1665052080,104957.42000001,14287633,sell,29799,31.277311160002977
0.0002982,1665052082,104957.42000001,14287634,sell,29820,31.29830264400298
0.00023401,1665052131,105121.81763182,14287635,buy,23401,24.599556544022196
0.00066691,1665052524,105246.24800396,14287636,buy,66691,70.18977525632097
0.0010924,1665052566,105009.93408001,14287637,sell,109240,114.71285198900294
0.0015373,1665052568,105011.10797786,14287638,sell,153730,161.43357629436417
9.5e-06,1665052569,105011.10797786,14287639,sell,950,0.99760552578967
0.00095147,1665052607,105100,14287640,buy,95147,99.999497
0.00049847,1665052668,105100,14287641,buy,49847,52.389196999999996
0.0071361,1665052673,104982.22842318,14287642,sell,713610,749.1636802506548
0.0003809,1665052785,104976.2008208,14287643,sell,38090,39.98543489264272
0.00076117,1665052820,105099.99999999,14287644,buy,76117,79.99896699999239
0.0047574,1665052858,105009.08512356,14287645,sell,475740,499.57022156682433
0.0038843,1665052883,104976.69555704,14287646,sell,388430,407.7609785522105
0.00014272,1665052894,105099.99999999,14287647,buy,14271,14.999871999998572
0.00639611,1665052922,105099.99999999,14287648,buy,639611,672.231160999936
0.01227259,1665052922,105100,14287649,buy,1227259,1289.849209
0.00700845,1665052922,105289.953813,14287650,buy,700845,737.9193768007199
0.005,1665053108,105049.23205543,14287651,sell,500000,525.24616027715
0.00328363,1665053149,105048.37258801,14287652,sell,328363,344.9399876811673
0.0001515,1665053369,105044.46677348,14287653,sell,15150,15.91423671618222
0.01148,1665053394,105055.51082648,14287654,sell,1148000,1206.0372642879904
0.01363,1665053394,105054.90058132,14287655,sell,1363000,1431.8982949233916
0.01335,1665053394,105053.96890932,14287656,sell,1335000,1402.470484939422
0.01054,1665053394,105053.67543264,14287657,sell,1054000,1107.2657390600257
0.00639,1665053614,105053.67,14287658,buy,639000,671.2929513
0.0036,1665053741,105015.95954137,14287659,sell,360000,378.05745434893197
0.01035,1665053741,105015.95954136,14287660,sell,1035000,1086.915181253076
0.01269,1665053741,105015.46808438,14287661,sell,1269000,1332.6462899907822
0.01203,1665053741,105015.0581487,14287662,sell,1203000,1263.331149528861
0.00495,1665053741,105014.81661666,14287663,sell,495000,519.823342252467
0.01282,1665053741,105014.06591802,14287664,sell,1282000,1346.2803250690165
0.01013,1665053741,105013.98905508,14287665,sell,1013000,1063.7917091279605
0.00539,1665053741,105013.77081484,14287666,sell,539000,566.0242246919876
0.0050425,1665053741,105000,14287667,sell,504250,529.4625
0.00475429,1665053912,105168.10168205,14287668,buy,475429,499.9996541459535
0.00889,1665054259,105135.0163522,14287669,sell,889000,934.650295371058
0.00469,1665054259,105134.96278106,14287670,sell,469000,493.0829754431714
0.01114,1665054259,105134.21744346,14287671,sell,1114000,1171.1951823201446
0.05,1665054259,105133.1763,14287672,sell,5000000,5256.658815000001
0.00889,1665054259,105131.20580482,14287673,sell,889000,934.6164196048499
0.01481,1665054259,105043.84076934,14287674,sell,1481000,1555.6992817939254
0.0184287,1665054259,105043.44485,14287675,sell,1842870,1935.8141321071948
0.0043,1665054259,105043.44480875,14287676,sell,430000,451.686812677625
0.01498,1665054259,105043.44480874,14287677,sell,1498000,1573.550803234925
0.01613,1665054259,105042.26391448,14287678,sell,1612999,1694.3317169405623
0.03433535,1665054259,105042.12883274,14287679,sell,3433535,3606.658258217219
0.00277804,1665054259,105034.22,14287680,sell,277804,291.7892645288
0.01149,1665054259,105032.56520896,14287681,sell,1149000,1206.8241742509504
0.00736181,1665054259,105032.35325358,14287682,sell,736181,773.2282285057378
0.00189007,1665054434,105171.32999999,14287683,buy,189007,198.7811756930811
2.776e-05,1665054574,105171.32999999,14287684,buy,2776,2.9195561207997223
0.002282,1665054578,105112.31016052,14287685,sell,228200,239.86629178630668
0.00239406,1665054599,105171.31999999,14287686,buy,239406,251.78645035917603
0.0004195,1665054617,105171.31999999,14287687,buy,41950,44.11936873999581
0.0001426,1665054627,105059.5665623,14287688,sell,14260,14.981494191783979
0.0012179,1665054820,105046.53097224,14287689,sell,121790,127.9361700710911
0.0003858,1665054821,105047.32988099,14287690,sell,38580,40.52725986808594
0.00189144,1665054994,105171.32,14287691,buy,189144,198.9252415008
0.0007645,1665055000,105043.69696993,14287692,sell,76450,80.30590633351149
0.00011867,1665055061,105058.69051,14287693,sell,11867,12.4673148028217
0.00011862,1665055092,105171.31999,14287694,buy,11862,12.4754219772138
0.00557421,1665055092,105171.31999999,14287695,buy,557421,586.2470236571442
0.00047387,1665055175,105105.50658308,14287696,sell,47387,49.80634640452412
0.00759,1665055208,105043.7894466,14287697,sell,759000,797.282361899694
0.0059975,1665055208,105042.67449864,14287698,sell,599750,629.9934403055935
1.169e-05,1665055322,105105.9,14287699,buy,1169,1.2286879709999998
0.00232579,1665055322,105171.31999999,14287700,buy,232579,244.60640434277673
0.00309356,1665055322,105171.32,14287701,buy,309356,325.35378869920004
0.00186864,1665055322,105171.33,14287702,buy,186864,196.5273540912
0.01808,1665055322,105293.50475345,14287703,buy,1808000,1903.706565942376
0.00719749,1665055322,105294.6138114,14287704,buy,719749,757.8569299614135
9.49e-06,1665055385,105292.91488086,14287705,buy,949,0.9992297622193614
1.87e-05,1665055409,105060.1674,14287706,sell,1870,1.9646251303800002
0.00012862,1665055517,105264.85613106,14287707,buy,12862,13.539165795576938
0.0123,1665055584,105046.89250643,14287708,sell,1230000,1292.076777829089
0.00817342,1665055584,105046.89250642,14287709,sell,817342,858.5923721498234
0.0001401,1665055590,105048.5212801,14287710,sell,14009,14.717297831342009
0.00071211,1665055640,105263.32830984,14287711,buy,71211,74.95906872272016
0.00764,1665055657,105016.04339184,14287712,sell,764000,802.3225715136575
0.00898,1665055657,105015.34696702,14287713,sell,898000,943.0378157638396
0.00756,1665055657,105014.61094614,14287714,sell,756000,793.9104587528184
0.00773,1665055657,105014.57833762,14287715,sell,773000,811.7626905498025
0.00937,1665055657,105014.21265636,14287716,sell,937000,983.9831725900932
0.0037,1665055657,105001.48834602,14287717,sell,370000,388.505506880274
0.00917,1665055657,105001.41148308,14287718,sell,916999,962.8629432998434
0.00585,1665055657,105000,14287719,sell,585000,614.25
0.0001858,1665055676,105009.92998608,14287720,sell,18580,19.510844991413663
0.00358,1665055708,105017.58097596,14287721,sell,358000,375.9629398939368
0.05,1665055708,105016.3123,14287722,sell,5000000,5250.815615
0.00343,1665055708,105016.30225614,14287723,sell,343000,360.2059167385602
0.00702,1665055708,105002.97902122,14287724,sell,702000,737.1209127289644
0.0391075,1665055708,105000,14287725,sell,3910750,4106.2875
0.00783215,1665055708,104978.56209,14287726,sell,783215,822.2078450731935
0.00511283,1665055708,104957.42,14287727,sell,511282,536.6294456986
0.0079,1665055708,104910.58850076,14287728,sell,790000,828.7936491560041
0.01511862,1665055708,104909,14287729,sell,1511862,1586.07930558
0.00187734,1665055708,104900,14287730,sell,187734,196.932966
0.00095657,1665055708,104900,14287731,sell,95657,100.344193
0.01195,1665055708,104527.75672476,14287732,sell,1195000,1249.106692860882
0.01458,1665055708,104526.62008492,14287733,sell,1458000,1523.9981208381334
0.01195,1665055708,104526.08903188,14287734,sell,1195000,1249.086763930966
0.01489,1665055708,104525.52071196,14287735,sell,1489000,1556.3850034010843
0.01122,1665055708,104524.66357372,14287736,sell,1122000,1172.7667252971385
0.03853332,1665055708,104524.60524079,14287737,sell,3853332,4027.6800616170385
0.02768226,1665055708,104524.60461245,14287738,sell,2768226,2893.47728127904
0.21905151,1665055708,104524.60302,14287739,sell,21905151,22896.27212368156
0.00435737,1665055770,104851.64787378,14287740,sell,435737,456.8774248957728
0.00700092,1665055798,105160.92470545,14287741,buy,700092,736.223220988879
0.01236313,1665055818,105151.34293226,14287742,buy,1236313,1299.9997223461116
0.00019017,1665055909,105165.35991737,14287743,buy,19017,19.999296495486256
0.00023773,1665055925,105159.41244177,14287744,buy,23773,24.99954711978198
0.0019019,1665056005,105010.15586654,14287745,sell,190190,199.7188154425724
0.02224,1665056070,105247.42269022,14287746,buy,2224000,2340.702680630493
0.00047028,1665056070,105247.57625209,14287747,buy,47028,49.495830159832884
0.0047793,1665056097,105097.5308,14287748,sell,477930,502.29262895244
0.0003343,1665056125,105080.7259,14287749,sell,33430,35.12848666837
0.00317,1665056138,105087.52943478,14287750,sell,317000,333.12746830825256
0.0055328,1665056138,105085.37727246,14287751,sell,553280,581.4163753730667
0.0112,1665056152,105246.55250628,14287752,buy,1120000,1178.761388070336
2.8e-07,1665056152,105262.24019193,14287753,buy,28,0.029473427253740404
0.00095609,1665056177,105261.40169537,14287754,buy,95609,100.63937354692631
0.000133,1665056186,105260.14395053,14287755,buy,13300,13.99959914542049
0.01256,1665056194,105256.51209043,14287756,buy,1256000,1322.0217918558008
0.00849551,1665056194,105257.11658795,14287757,buy,849551,894.2128865440951
0.00618,1665056201,105255.07153384,14287758,buy,618000,650.4763420791312
0.00040061,1665056201,105255.77840594,14287759,buy,40061,42.16651738720362
0.00633,1665056209,105260.49007411,14287760,buy,633000,666.2989021691162
0.00013329,1665056209,105261.99400544,14287761,buy,13329,14.030371180985098
0.15000322,1665056220,105263.32,14287762,buy,15000322,15789.8369478904
0.09648511,1665056229,105263.32,14287763,buy,9648511,10156.3430091652
0.0108,1665056272,105357.1232052,14287764,buy,1080000,1137.85693061616
0.00052603,1665056272,105361.44,14287765,buy,52603,55.423278283200005
0.00764917,1665056295,105287.91137353,14287766,sell,764917,805.3651330410645
0.0002,1665056296,105500,14287767,buy,20000,21.1
0.00074783,1665056296,105503.88475345,14287768,buy,74783,78.8989701351725
0.00114615,1665056308,105509.62747989,14287769,buy,114615,120.92985953607592
0.00142167,1665056332,105508.98398252,14287770,buy,142167,149.99895725842921
0.00410083,1665056341,105508.98398252,14287771,buy,410083,432.6744067850375
0.00316,1665056441,105379.40952024,14287772,sell,316000,332.99893408395843
0.00267138,1665056441,105376.45612,14287773,sell,267138,281.5005573498456
0.00011657,1665056441,105354.46888232,14287774,sell,11657,12.281170437612042
0.0018775,1665056492,105508.98398252,14287775,buy,187750,198.0931174271813
0.0045,1665056492,105609.362,14287776,buy,449999,475.2421289999999
0.01258,1665056492,105624.1800352,14287777,buy,1258000,1328.752184842816
0.01192,1665056492,105624.716283,14287778,buy,1192000,1259.04661809336
0.01447,1665056492,105624.85278244,14287779,buy,1447000,1528.3916197619067
0.02053,1665056492,105625.16965614,14287780,buy,2053000,2168.484733040554
0.02009,1665056492,105625.2281559,14287781,buy,2009000,2122.010833652031
0.00602,1665056492,105625.49871729,14287782,buy,602000,635.8655022780858
0.00268979,1665056492,105626.36646373,14287783,buy,268979,284.1127442504763
0.00473103,1665056541,105685.17976385,14287784,buy,473103,499.99975601816726
0.0001445,1665056623,105418.79784,14287785,sell,14449,15.233016287879998
0.00016313,1665056687,105668.23665,14287786,buy,16313,17.2376594447145
0.00456864,1665056687,105668.63397118,14287787,buy,456863,482.76194790609173
6.037e-05,1665056701,105669.55777989,14287788,buy,6037,6.379271203171959
0.00417,1665056723,105369.19400119,14287789,sell,417000,439.3895389849623
0.0007299,1665056723,105368.43766478,14287790,sell,72990,76.90842265152293
0.00212046,1665056757,105379.96616299,14287791,sell,212045,223.45400304997375
0.000755,1665056817,105399.33761001,14287792,sell,75500,79.57649989555755
0.0091,1665056844,105362.27697129,14287793,sell,910000,958.796720438739
0.0009,1665056844,105362.27697128,14287794,sell,90000,94.826049274152
0.00014324,1665056956,105550.51586823,14287795,buy,14323,15.119055892965264
0.00154204,1665056983,105554.38903983,14287796,buy,154204,162.76909007497946
0.00284224,1665056993,105550.31111906,14287797,buy,284224,299.9993162750371
0.0052,1665057012,105547.43975584,14287798,buy,520000,548.846686730368
0.02257,1665057012,105557.28721545,14287799,buy,2257000,2382.4279724527064
0.01291,1665057012,105558.11596205,14287800,buy,1291000,1362.7552770700654
0.01189833,1665057012,105558.4450232,14287801,buy,1189833,1255.9692131728912
0.00236856,1665057018,105554.57185159,14287802,buy,236856,250.012336704802
0.0013,1665057058,105583.40915765,14287803,buy,130000,137.258431904945
0.00012067,1665057058,105583.40915766,14287804,buy,12067,12.740749983054831
0.00473563,1665057092,105582.41953672,14287805,buy,473563,499.99927343067736
0.00506,1665057113,105575.03150453,14287806,buy,506000,534.2096594129218
0.00535912,1665057113,105575.08512931,14287807,buy,535912,565.7895502181879
0.00014207,1665057157,105581.29585383,14287808,buy,14207,14.999934701953629
0.0078,1665057205,105395.82430813,14287809,sell,780000,822.087429603414
0.01061,1665057205,105395.82430812,14287810,sell,1061000,1118.2496959091532
0.0046041,1665057205,105394.59683026,14287811,sell,460410,485.24726326620004
0.0011929,1665057242,105410.79523184,14287812,sell,119290,125.74453763206195
0.00014204,1665057247,105598.03925787,14287813,buy,14203,14.999145496187854
0.00038147,1665057261,105591.04122409,14287814,buy,38147,40.27981449575361
6.629e-05,1665057278,105584.30156423,14287815,buy,6629,6.999183350692808
0.00012198,1665057303,105583.32900572,14287816,buy,12198,12.879054472117726
0.00486063,1665057445,105758.73799596,14287817,buy,486063,514.0540946653031
8.491e-05,1665057459,105758.73799596,14287818,buy,8491,8.979974443236962
0.00141832,1665057471,105758.73799596,14287819,buy,141832,149.99973327442999
0.00263614,1665057475,105758.73799596,14287820,buy,263614,278.79483958067
0.00209125,1665057475,105776.09873009,14287821,buy,209124,221.2042664693007
1.389e-05,1665057494,105769.67594394,14287822,buy,1389,1.4691407988613268
0.00094535,1665057539,105780.59731356,14287823,buy,94535,99.99968767037394
0.0047772,1665057541,105531.90039175,14287824,sell,477719,504.146994551468
3.25e-05,1665057563,105542.38010001,14287825,sell,3249,3.4301273532503247
0.00036481,1665057589,105780.52662634,14287826,buy,36481,38.589793918555095
2.136e-05,1665057660,105575.18304242,14287827,sell,2136,2.255085909786091
0.05674791,1665057689,105730.76,14287828,buy,5674791,5999.9996527116
0.0034,1665057696,105821.69514594,14287829,buy,340000,359.793763496196
